2100 3262
323 210 392 245 723
1066 213 1263 239 LAmATAE.
1302 221 1304 223 >
1820 202 2004 251 Stachys.

372 290 472 324 Hah.
497 290 533 324 in
555 285 800 333 rupestribus
820 284 959 320 insulae
976 283 1152 328 Corcyrae
1168 282 1291 327 (herb.
1309 281 1445 317 Willd!
1466 282 1515 317 Dr
1534 282 1723 318 Schrader
1737 292 1784 318 ex
1796 282 2009 329 Ascherss).

370 352 514 388 Planta
547 354 589 386 ut
621 349 773 384 videtur
803 348 962 384 humilis
988 346 1249 392 ¹fri-pedalis,
1284 345 1387 381 foliis
1421 345 1636 391 majoribus
1662 346 1842 393 pollicem
1870 346 2010 395 longis,

323 399 492 446 capitulo
526 397 721 443 pollicari.
772 396 884 431 Facie
909 395 1034 430 affinis
1060 394 1098 430 S.
1127 394 1356 429 cz'rcz'nnatce
1382 403 1429 428 ex
1460 392 1653 439 Hispania
1691 396 1859 440 quacum
1899 395 2008 441 prob.

324 446 483 482 confusa
509 455 556 479 ex
579 443 770 489 Hispania
790 442 946 478 erronee
975 440 1144 476 indicata
1174 441 1260 476 fuit.
1297 440 1449 485 Species
1475 439 1642 476 bracteis
1663 442 1778 476 valde
1799 441 1966 478 evolutis
1990 453 2012 478 a

323 494 501 528 sectionis
521 492 737 526 charactere
751 490 968 534 divergens,
988 488 1055 523 sed
1071 488 1161 523 huic
1176 490 1305 523 tamen
1324 486 1419 522 facie
1442 487 1577 522 etaliis
1600 488 1703 523 notis
1719 488 2011 525 adnumeranda

325 551 394 576 nec
411 540 511 574 inter
529 536 830 584 Erz'ostaclzydes
848 535 1064 571 inserenda.

382 640 435 681 29
483 637 535 679 S.
571 635 933 679 Messeniaca
966 633 1122 688 (Boiss.
1162 633 1313 684 Diagn.
1352 631 1443 675 Ser.
1478 631 1508 682 l,
1548 633 1596 674 12
1623 645 1659 685 p.
1688 632 2009 686 Silperennis,

324 697 478 740 viridis
517 696 661 749 patule
694 698 735 736 et
770 694 957 736 molliter
992 691 1209 745 liispidula
1248 691 1336 732 basi
1374 691 1571 733 indurata
1609 696 1650 733 et
1685 692 2012 744 ramoso-pluri-

323 756 473 806 caubs,
500 755 695 797 caulibus
721 766 741 794 a
769 751 858 793 basi
883 751 1131 794 ascendenti
1160 750 1317 793 erectis
1342 749 1502 792 foliosis
1525 750 1795 803 simplicibus
1824 750 1889 791 vel
1918 748 2022 792 bre-¹·

324 816 437 857 viter
472 811 807 855 1-2-1·aintilosi5.
831 811 943 853 foliis
971 808 1313 861 ovato-oblongis
1337 808 1525 850 cordatis
1549 808 1716 850 obtusis
1745 808 1902 850 obtuse
1922 819 2015 851 cre·

322 875 435 916 natis
455 871 732 914 inferioribus
757 870 949 913 breviter
968 867 1181 923 petiolatis
1206 868 1374 910 caeteris
1398 867 1639 917 sessilibus‚
1665 867 1889 910 floralibus
1908 867 2016 909 infe-

323 933 514 975 rioribus
538 930 668 972 flores
694 928 1103 982 subsupemnlibus,
1129 926 1445 969 verticillastris
1466 926 1691 969 6·4-ssoris
1722 925 1766 968 in
1797 935 2017 970 racemum

324 991 500 1034 brevem
535 988 846 1043 approximatis
873 987 1154 1029 inferioribus
1180 984 1412 1035 distincti&
1442 985 1627 1027 bracteis
1646 985 1793 1039 paucis
1821 984 2014 1027 minimis

323 1050 518 1093 setaceis,
543 1048 701 1100 calycis
731 1046 879 1088 viridis
908 1045 1008 1086 hirti
1034 1043 1231 1087 visciduli
1261 1044 1444 1086 obscure
1480 1043 1667 1086 hilabiati
1704 1043 1908 1086 dentibus
1936 1044 2013 1086 tri·

323 1106 792 1162 angulari-lanceolatis
816 1105 1010 1147 breviter
1033 1102 1271 1157 spinulosis
1298 1102 1580 1145 inferioribus
1617 1102 1729 1144 binis
1756 1103 1823 1144 vix
1856 1114 2019 1155 angus--

324 1167 521 1210 tior-ibus
560 1164 729 1208 corollae
768 1163 924 1217 pallide
956 1162 1223 1204 ochroleucae
1257 1162 1723 1215 purpureo-maculatae
1754 1160 1864 1203 labio
1892 1172 2016 1214 supe-

325 1227 441 1268 riore
464 1224 856 1278 glanduloso-liirto
880 1222 1084 1264 inferiore
1110 1221 1251 1274 amplo
1285 1220 1452 1274 2-3-910
1490 1220 1681 1273 longiore
1721 1221 1822 1263 tubo
1857 1219 2015 1262 subex-

325 1289 441 1328 serto
474 1290 532 1330 26.
578 1282 618 1325 S.
643 1279 946 1336 Taurusesortefi
972 1280 1083 1333 Bory
1119 1283 1161 1322 et
1186 1278 1257 1321 Cn.
1284 1278 1347 1321 Fl.
1379 1278 1511 1332 Pelop
1547 1278 1603 1320 ΝΟ
1631 1280 1713 1322 913
1744 1290 1824 1321 non
1851 1278 2012 1322 Poiret.

373 1359 474 1395 Hah.
497 1359 534 1393 in
560 1356 804 1403 rupestribus
833 1355 1036 1392 Messeniae
1063 1355 1162 1390 eirca
1185 1353 1318 1399 Pylos,
1344 1353 1610 1390 Androuvisla
1637 1356 1673 1389 et
1698 1353 1747 1389 ad
1776 1353 2016 1399 Phygaleam

326 1406 506 1449 (Guerinl
527 1404 614 1441 Mill
629 1406 669 1450 l).
1820 1442 1823 1443 ⁷

371 1470 505 1506 Facies
525 1467 949 1510 Teucra’z‘sscorodonicv,
965 1466 1116 1513 pedalis
1130 1465 1195 1502 vel
1213 1464 1411 1509 humilior,
1424 1465 1518 1501 folia
1532 1467 1681 1512 majora
1699 1465 1880 1511 pollicem
1898 1464 2017 1509 longa

325 1517 531 1553 7-9-lineas
552 1516 642 1558 lata,
664 1525 839 1551 racemus
854 1513 1148 1561 3-4-pollicaris,
1166 1512 1280 1558 calyx
1297 1513 1320 1548 4
1339 1513 1461 1548 lineas
1481 1513 1640 1558 longus.
1663 1513 1802 1549 Affinis
1817 1511 1856 1547 S.
1874 1510 2016 1548 mollis-

324 1565 435 1600 simae
454 1575 475 1599 a
493 1567 569 1610 qua
591 1563 695 1599 foliis
714 1561 1035 1607 sublongioribus
1048 1560 1118 1596 sed
1134 1560 1348 1607 praesertim
1366 1560 1649 1596 verticillastris
1668 1559 1784 1606 longe
1802 1560 2016 1595 racemosis

328 1615 365 1646 et
386 1611 552 1647 bracteis
570 1611 730 1646 setaceis
749 1609 998 1645 brevissimis
1018 1608 1159 1647 differt.

384 1709 452 1750 30.
486 1706 536 1749 S.
574 1718 897 1751 canescens
945 1705 1081 1763 (ΒΜ-Υ
1119 1709 1161 1748 et
1195 1705 1270 1748 Gli.
1314 1705 1374 1747 Fl.
1420 1705 1563 1760 Pelop.
1607 1704 1662 1747 N⁰
1694 1707 1779 1748 916
1819 1706 1901 1748 sub
1944 1705 2015 1757 19)

324 1770 530 1820 perennis
583 1763 1092 1814 tomentoso-canescensg
1147 1765 1344 1807 caulibus
1397 1765 1578 1816 erectis,
1635 1765 1745 1807 foliis
1800 1764 2015 1818 petiolatis

323 1826 782 1881 oblongo-lanceolatiS
807 1825 944 1867 acutis
971 1823 1272 1877 superioribus
1299 1823 1543 1873 sessilibus‚
1572 1823 1798 1867 floralibus
1827 1823 2017 1865 diminu-

326 1886 382 1928 tis
423 1887 589 1940 calyces
624 1884 933 1938 superantibus
969 1888 1011 1925 et
1046 1883 1340 1936 aequantibus,
1378 1883 1694 1926 verticillastris
1731 1881 2016 1925 subsexflo'ris

326 1944 369 1986 in
407 1957 622 1988 racemum
652 1944 826 1985 brevem
863 1943 1185 1996 approximatis,
1223 1942 1380 1996 calycis
1408 1942 1609 1985 dentibus
1648 1942 1896 1984 lanceolatis
1931 1941 2017 1996 spi-

325 2004 492 2046 nulosis
521 2005 648 2045 rectis
676 2002 778 2044 tubo
801 2001 1069 2055 ecquilongis,
1094 2001 1264 2044 corollae
1282 2000 1434 2043 albidae
1458 2002 1570 2044 lobio
1590 2001 1816 2055 superiore
1835 2000 2018 2047 hirsuto,

326 2062 534 2105 inferiore
555 2062 747 2115 longiore
790 2060 892 2103 tubo
921 2061 1179 2103 subexserto
1213 2065 1271 2107 36.

357 2138 476 2221 {iah
496 2138 534 2172 in
556 2137 799 2183 Peloponeso
822 2135 869 2171 ad
893 2135 1080 2171 Tsimova
1096 2137 1133 2171 et
1148 2134 1315 2180 Vitylos,
1330 2134 1381 2170 ad
1400 2145 1524 2182 prom.
1545 2135 1742 2172 Tenarum
1762 2134 1904 2180 (Bory)
1932 2133 2018 2170 Non

327 2195 367 2223 vi
399 2196 422 2220 ι.

375 2251 434 2285 Ex
454 2250 562 2285 icone
583 2249 708 2284 affinis
724 2248 764 2285 S.
787 2248 1038 2284 Messem‘acae
1057 2257 1080 2282 a
1100 2250 1177 2294 qua
1196 2246 1349 2282 differre
1367 2246 1520 2282 videtur
1534 2247 1764 2283 indumento
1784 2249 2018 2282 tomentoso·

328 2299 563 2340 canescente,
578 2295 680 2331 foliis
694 2296 782 2331 basi
796 2295 1029 2336 rotundatis,
1046 2294 1189 2340 calycis
1205 2294 1386 2330 dentibus
1402 2294 1483 2330 tubi
1500 2294 1747 2340 proportione
1761 2293 2017 2338 longioribus.

328 2345 548 2390 Speci'mina
576 2343 624 2378 ad
655 2342 818 2378 Lutraki
853 2342 970 2378 Sinus
999 2341 1238 2377 Corinthiaci
1266 2342 1365 2377 lecta
1389 2341 1614 2377 dubitanter
1636 2341 1686 2377 ab
1711 2351 1787 2377 am.
1808 2338 2016 2377 Heldreich

328 2390 390 2427 hic
419 2391 636 2426 referuntur
663 2390 731 2426 sed
763 2389 866 2425 foliis
900 2389 1087 2424 brevibus
1115 2387 1397 2424 obtusinsculis
1424 2399 1493 2424 nec
1521 2389 1628 2435 apice
1660 2390 1870 2424 attenuatis
1896 2387 2019 2423 acutis

327 2439 376 2474 ab
397 2439 506 2474 icone
525 2437 708 2473 differunt
728 2439 764 2473 et
778 2436 827 2472 ad
847 2435 884 2473 S.
907 2435 1133 2474 Swaz'nsonz'
1148 2446 1229 2472 var.
1244 2435 1501 2483 Scyt-onicam
1519 2435 1717 2472 reterenda
1735 2437 1836 2470 sunt.

975 2590 997 2645 g
1022 2590 1064 2633 4.
1089 2590 1372 2647 Fragiles.

389 2720 455 2761 31.
500 2717 547 2761 S.
597 2717 840 2761 Pinardi
889 2718 1042 2771 (Boiss.
1080 2718 1233 2771 Diagn.
1276 2718 1371 2760 Ser.
1416 2718 1450 2769 1,
1488 2717 1537 2770 V,
1571 2730 1610 2772 p.
1646 2717 1722 2772 29)
1761 2717 2021 2761 brevissime

329 2777 818 2832 papilloso-glandulosa
843 2783 884 2820 et
920 2778 1025 2819 setis
1061 2778 1221 2830 patulis
1253 2777 1482 2830 pellucidis
1516 2775 1746 2829 hispidula,
1787 2775 2020 2819 rhizomate

329 2837 532 2879 indurato
573 2847 755 2886 rumoso,
803 2836 997 2879 caulibus
1034 2836 1271 2879 humilibus
1309 2837 1532 2889 fragilibus
1577 2835 1864 2888 simplicibus,
1906 2836 2018 2877 foliis

330 2895 488 2948 pallide
528 2895 770 2937 virentibus
810 2895 1109 2938 concoloribus
1156 2896 1280 2948 longe
1321 2894 1535 2948 petiolatis
1575 2894 1790 2948 profunde
1830 2893 2015 2936 cordatis

331 2954 466 2996 oratis
499 2953 666 2996 obtusis
699 2953 852 2996 obtuse
888 2955 1085 3004 cremitis,
1111 2953 1349 2997 floralibus
1387 2953 1614 2996 sessilibus
1651 2966 1675 2996 a
1711 2953 1802 2996 basi
1837 2953 2018 2996 cuneata
