2065 3271
135 216 403 255 Aristoloclzia.
790 223 1179 251 ARISTOLOCHIACEAE.
1728 216 1821 254 1077

182 296 297 331 Rami
329 300 463 333 tenues
491 296 820 344 6-10-pollicares‚
852 294 945 330 folia
976 296 1126 341 maJora
1153 294 1241 332 8-10
1260 295 1385 331 lineas
1410 296 1536 343 longa,
1570 298 1820 343 perigonium

140 342 251 380 10-12
269 343 392 379 lineas
409 344 586 390 longum.

193 407 237 460 β.
256 407 559 459 macroylossa.
579 432 628 438 —
647 406 794 450 Flores
819 407 1001 460 maj0res
1020 405 1129 447 labio
1151 407 1283 458 magis
1307 406 1490 450 dilatam.
1513 433 1568 438 -
1585 409 1632 451 A.
1652 420 1821 452 naacro-

132 464 277 518 alossa
303 465 425 508 Jaub.
454 469 496 508 et
518 466 589 520 Sp.
615 466 681 507 Ill.
714 465 794 507 tab.
823 465 917 506 127.

180 531 280 567 Hah.
302 532 339 566 in
360 531 490 566 insula
508 532 627 567 Chios
646 531 768 576 (Oliv.
787 533 825 566 et
842 530 990 575 Brug.).

179 586 336 634 Species
356 587 458 622 foliis
478 590 514 622 et
533 588 670 623 habitu
689 586 801 622 valde
820 586 947 621 affinis
964 585 1011 620 A.
1027 584 1247 631 par-vz'solioe
1264 585 1389 621 Sibth.
1408 597 1430 621 a
1449 590 1528 632 qua
1547 588 1651 624 foliis
1669 587 1818 634 glabris

134 635 172 669 et
190 633 379 680 pei-igonii
398 633 502 669 labio
520 634 684 670 dimidio
705 633 884 669 breviore
903 642 1068 678 superne
1090 641 1167 667 non
1186 631 1329 667 hirtulo
1349 632 1500 669 differre
1517 635 1683 671 videtur.

191 733 230 774 6.
266 733 326 774 A.
354 731 689 775 Billardieri
713 732 856 785 (Jaub.
881 734 923 774 et
949 730 1023 784 Sp.
1049 730 1112 771 lll.
1138 730 1173 780 1,
1201 729 1281 771 tab.
1310 731 1410 783 100)
1442 733 1633 775 caulibus
1662 734 1816 777 crectis

131 791 362 843 grucil³bus
384 791 651 844 simplicibus
671 791 909 844 puber-ulis,
926 790 1033 832 soliis
1054 789 1245 830 breviter
1262 789 1472 841 petiolatis
1492 793 1628 833 ovutis
1647 792 1814 835 obtusis

133 849 221 891 basi
242 850 339 891 sinu
358 849 497 901 amplo
520 849 870 891 cordato-excisis
887 849 968 890 sub
985 849 1097 890 lente
1119 846 1324 899 utrinque
1348 849 1815 903 papitloso-hispiduliS,

133 906 314 950 floribus
349 908 600 949 axillaribus
633 908 836 949 solitariis
863 907 1104 960 pedunculo
1140 905 1306 947 hirsuto
1339 906 1485 947 ovario
1515 907 1680 960 hispido
1714 908 1816 950 sub-

132 965 322 1018 longiorc
345 965 552 1015 suffultis,
577 966 794 1019 porigonio
823 967 1008 1008 violaceo
1035 964 1206 1006 hirtello
1231 975 1363 1016 supra
1384 963 1501 1005 basin
1529 968 1813 1009 ventricosam

130 1023 308 1066 incurvo
332 1036 521 1077 superne
541 1025 610 1065 vix
634 1025 833 1077 ampliato
852 1025 892 1065 in
915 1024 1072 1067 labium
1089 1021 1588 1075 oblongo-linguaesormc
1611 1024 1813 1068 obtusum

132 1083 419 1136 aequilongum
447 1083 634 1125 abeunte
669 1090 727 1131 26.

175 1154 274 1190 Hal).
300 1156 339 1190 in
370 1155 482 1201 Syria
508 1155 596 1191 loco
626 1165 704 1191 non
736 1156 901 1191 indicato
935 1156 1095 1199 (Lahill.
1118 1156 1158 1191 in
1179 1155 1285 1191 herb.
1310 1154 1436 1190 Webb
1461 1156 1499 1188 et
1522 1154 1749 1201 nahmen),
1775 1155 1815 1194 in

133 1200 282 1237 fissuris
301 1204 454 1249 rupium
479 1202 527 1238 ad
544 1203 620 1237 Ain
638 1203 672 1238 el
691 1203 834 1237 Beitha
854 1204 951 1238 inter
968 1203 1246 1238 Alexandrettc
1265 1204 1300 1237 ct
1324 1201 1477 1247 Aleppo
1497 1200 1718 1247 (Hausskm.

175 1258 311 1293 Planta
333 1259 529 1293 interdum
553 1258 713 1304 pedalis,
732 1257 1185 1304 folia1-1¹l2-pollicaria‚
1203 1257 1318 1293 flores
1337 1257 1519 1304 pollicem
1543 1255 1658 1301 longi.
1681 1258 1816 1295 Affinis

130 1303 177 1341 A.
201 1305 420 1351 parm'fole're
439 1307 474 1340 et
498 1305 771 1350 Teumeson-tii,
792 1306 997 1351 procerior,
1022 1305 1117 1340 folia
1136 1304 1256 1351 duplo
1278 1306 1439 1351 majora,
1458 1304 1636 1339 ovariuni
1656 1306 1693 1338 ct
1714 1305 1814 1350 peri-

129 1352 292 1398 gonium
310 1352 434 1387 multo
454 1353 679 1388 hirsutiora.

188 1451 224 1492 7.
261 1451 321 1494 A.
347 1451 676 1495 clematitis
699 1451 763 1507 (L.
786 1450 856 1504 Sp.
886 1450 1013 1503 1364)
1040 1451 1183 1493 radice
1204 1452 1400 1504 repente,
1422 1449 1615 1492 caulibus
1639 1450 1814 1494 sulcatis

128 1509 395 1563 simplicibus
440 1511 510 1553 vel
556 1510 722 1552 inferne
769 1521 894 1563 parce
936 1510 1117 1551 ramosis
1160 1509 1315 1552 erectis
1354 1508 1663 1557 subsscxuosis‚
1706 1508 1814 1553 soliis

127 1569 291 1621 magnis
324 1569 587 1622 longiuscule
615 1569 827 1622 petiolatis
852 1569 1226 1611 deltoideo-ovatis
1257 1567 1569 1610 obtusiuseulis
1598 1567 1688 1608 basi
1714 1568 1815 1612 sInu

129 1627 339 1680 profundo
365 1628 550 1670 cordatis
577 1628 782 1671 auriculis
805 1628 971 1670 obtusis
997 1626 1096 1680 plus
1119 1628 1262 1669 minus
1288 1625 1663 1679 couvergcntibus,
1698 1626 1814 1668 flori·

126 1684 208 1727 bus
239 1686 291 1726 ad
324 1687 474 1728 axillas
499 1686 757 1729 fasciculatis
787 1689 830 1729 et
856 1687 1048 1728 brevitor
1079 1685 1378 1739 pedunculatis
1415 1684 1574 1738 parvis,
1602 1685 1810 1738 pcrigonii

125 1743 262 1796 glabri
294 1746 535 1788 ochroleuci
573 1746 756 1789 utriculo
788 1745 978 1799 globoso,
1013 1745 1114 1787 tubo
1146 1744 1379 1798 cylindrico
1415 1744 1672 1786 rectiusculo
1702 1743 1812 1787 lubio

126 1803 506 1847 ovato-lanceolam
542 1805 843 1852 subbreviorc‚
881 1803 1056 1857 capsulzi
1094 1806 1241 1856 magn-<i
1280 1805 1404 1845 ovata
1439 1803 1628 1857 pendula
1661 1808 1720 1849 26.
1756 1801 1808 1845 Ic.

126 1858 238 1903 Cius.
277 1862 387 1904 Hist.
426 1863 481 1913 Il,
528 1876 567 1917 p.
612 1865 759 1905 71.-
791 1864 853 1904 Fl.
886 1863 992 1904 Dan.
1035 1862 1118 1905 tab.
1164 1864 1287 1905 1235.
1314 1886 1366 1892 —-
1401 1862 1534 1904 Rchb.
1572 1861 1626 1903 Ic.
1668 1859 1812 1904 Germ.

125 1919 208 1962 tab.
234 1921 333 1963 669.

172 1985 323 2022 Hab.in
340 1986 542 2033 ruderatis,
559 1988 688 2023 vineis
707 1990 745 2023 et
761 1997 943 2033 agrorum
962 1988 1207 2033 marginibus
1227 1988 1349 2033 partis
1364 1986 1683 2032 septentrionalis
1697 1985 1813 2022 ditio-

127 2031 199 2077 nis,
216 2033 441 2070 Macedonia
456 2035 583 2081 (Orph
594 2037 631 2082 l),
646 2035 775 2070 insula
788 2035 932 2070 Tassos
944 2035 1147 2079 (chisen),
1165 2034 1334 2070 Thracia
1347 2036 1384 2069 et
1394 2034 1627 2079 Byzantium
1639 2032 1814 2078 (Simu),

126 2078 308 2115 A1·2atolia
343 2082 421 2116 tota
449 2081 615 2118 borealis
649 2092 672 2117 a
702 2082 889 2127 Bithynia
919 2081 1081 2126 (Thirke
1098 2084 1135 2127 1),
1171 2081 1220 2116 ad
1254 2082 1418 2116 Pontum
1457 2080 1638 2115 Lazicum
1670 2078 1812 2125 (Ball),

127 2124 273 2161 Tauria
293 2129 327 2162 et
350 2128 547 2164 Caucasus
566 2128 739 2174 (Locren,
759 2130 848 2165 C.A.
869 2129 1001 2175 Moy),
1023 2128 1149 2164 iberia
1166 2128 1363 2173 (fficium).

169 2182 230 2263 Af.
255 2183 387 2228 Geoqr.
426 2183 584 2231 Europa
617 2184 747 2220 media
782 2187 820 2220 et
849 2185 1032 2220 australis
1067 2184 1118 2219 ab
1148 2184 1291 2229 Angliit
1320 2186 1356 2218 et
1386 2183 1524 2228 Belgio
1558 2182 1605 2217 ad
1631 2181 1812 2219 Rossiam

124 2236 195 2263 me<
216 2239 303 2265 iam.

183 2333 222 2372 8.
257 2331 316 2374 A.
343 2331 601 2376 rotunda
637 2332 701 2388 (L.
734 2333 807 2386 Sp.
857 2332 982 2386 1364)
1015 2331 1189 2374 caudice
1223 2331 1398 2383 globoso
1431 2330 1493 2372 vel
1529 2333 1670 2378 ovato,
1713 2340 1812 2371 cau-

127 2389 240 2432 libus
274 2391 428 2433 crectis
464 2392 640 2434 sulcatis
675 2392 941 2445 simplicibus
970 2392 1034 2432 vel
1072 2391 1272 2440 ramosis,
1308 2390 1420 2432 foliis
1454 2389 1617 2440 magnis
1649 2387 1811 2439 glabris

126 2451 190 2491 vel
231 2450 385 2492 subtus
422 2462 549 2504 parce
595 2450 820 2504 pubcrulis
858 2449 1167 2493 subsessilibus
1206 2449 1344 2492 oratis
1384 2448 1550 2490 obtusis
1591 2447 1678 2489 basi
1712 2447 1810 2488 sinu

125 2508 268 2551 clauso
297 2508 506 2562 profundo
528 2510 713 2551 cordatis
736 2510 943 2552 aurIculis
970 2508 1137 2550 obtusis
1163 2506 1535 2560 convergentibus‚
1565 2505 1744 2547 floribus
1767 2504 1810 2548 in

124 2567 264 2608 axillis
292 2568 496 2610 solitariis
532 2568 776 2622 pedunculo
805 2567 925 2610 brevi
952 2568 1025 2610 sed
1060 2567 1215 2621 petiole
1243 2566 1433 2618 longiore
1461 2564 1666 2615 suffultis,
1699 2563 1812 2616 peri·

123 2626 234 2678 gonii
260 2627 364 2668 lutei
389 2626 506 2669 intus
535 2627 916 2680 purpureo-striati
942 2629 1067 2668 extus
1091 2625 1284 2668 breviter
1309 2625 1455 2665 hirtuli
1491 2623 1673 2665 utriculo
1701 2621 1813 2663 basi·

125 2682 201 2726 lari
249 2689 388 2737 ovato,
435 2686 538 2728 tubo
584 2689 698 2728 recto
737 2697 927 2739 superne
968 2685 1255 2739 subampliato
1298 2684 1339 2724 in
1385 2682 1542 2724 labium
1579 2681 1812 2733 oblongum

123 2742 325 2786 obtusum
368 2745 432 2786 vcl
471 2747 666 2788 retusum
701 2757 750 2788 eo
782 2745 1155 2798 subaequilongum
1194 2743 1390 2791 abeunte,
1427 2741 1600 2794 capsula}
1634 2739 1811 2792 globosa

123 2802 285 2844 reflexa
318 2809 376 2850 36.
401 2803 531 2845 Rchb.
557 2803 612 2846 Ic.
642 2802 787 2845 Germ.
812 2804 835 2845 s.
864 2804 988 2845 1342.

169 2874 270 2910 Hah.
299 2876 340 2911 in
367 2877 479 2912 siccis
512 2878 549 2912 et
579 2876 737 2913 incultis
768 2877 937 2923 regionis
967 2876 1164 2912 inferioris
1188 2878 1225 2911 et
1253 2876 1457 2915 montanae,
1484 2872 1635 2908 ercia
1665 2873 1703 2906 et
1726 2871 1810 2915 ejus

124 2919 263 2957 insulae
282 2922 446 2970 (Sprunt
471 2923 613 2960 Heldrl
634 2925 741 2971 Orph
755 2926 794 2970 l),
813 2925 1042 2960 Macedonia
1063 2924 1220 2968 (Frivt),
1244 2921 1431 2966 Bithynia
1454 2919 1642 2964 (Tc-hili).

169 2977 229 3013 Ar.
246 2979 375 3024 Geoqr.
404 2980 527 3026 Regio
550 2980 835 3016 mediterranea
854 2979 1020 3027 Europae
1040 2983 1077 3016 et
1097 2979 1238 3014 Africae
1256 2976 1436 3012 borealis.
