2065 3271
130 165 303 204 Onosma
837 176 1118 203 BORRAGINEAE.
1768 173 1836 209 181

172 247 463 294 sesquipedam,
477 248 572 284 facie
587 247 868 294 Cynoylossum
884 249 1065 293 reserens,
1084 250 1178 285 folia
1194 251 1383 286 radicalia
1400 252 1655 298 tripollicaria
1671 255 1690 289 4
1708 255 1834 292 lineas

126 295 206 331 lata
235 305 392 330 sursum
424 296 572 331 sensim
603 295 848 336 abbreviata,
876 297 1089 341 corymbus
1111 297 1188 333 tere
1208 299 1521 344 capituliforniis,
1543 301 1691 337 corolla
1709 303 1834 347 cylin-

124 342 230 378 drica
260 352 428 389 superne
458 353 598 389 parum
620 343 812 389 ampliata
837 343 858 377 7
881 343 1006 379 lineas
1025 344 1157 390 longa.
1194 345 1320 380 Radix
1342 346 1559 392 cylindrica
1579 350 1776 385 verticalis
1796 353 1833 386 et

125 388 273 425 collum
294 390 450 436 vaginis
474 389 660 425 foliorum
684 389 914 426 radicalium
939 402 1201 437 squamosum
1222 393 1323 428 lianc
1342 395 1513 440 speciem
1535 397 1628 432 setis
1649 397 1834 433 brevissi-

126 437 201 472 mis
220 437 416 483 insignem
436 437 619 473 biennem
641 447 726 473 esse
745 437 924 473 suadent.

182 555 219 596 ⁹2.
255 553 312 597 Ο.
343 552 644 597 echioides
666 553 732 609 (L.
754 554 826 609 Sp.
854 554 952 609 196)
977 558 1113 597 totum
1133 556 1238 599 setis
1260 569 1282 598 e
1302 557 1530 601 tuberculo
1549 559 1700 612 glabro
1719 561 1828 602 ortis

122 613 174 656 ad
209 613 306 655 folia
333 613 703 667 adpressiusculis
731 614 921 656 obsitum
957 614 1070 656 inter
1101 626 1174 657 eas
1202 616 1467 668 puberulum
1505 619 1569 660 vel
1608 619 1828 672 glabrum,

120 672 240 715 caule
270 671 572 725 pyramidatim
604 684 790 724 ramoso,
818 673 930 715 foliis
961 672 1391 717 lineari-lanceolatis
1418 677 1586 721 obtusis
1617 678 1833 720 Inferiori-

122 732 202 774 bus
230 731 320 774 basi
346 731 468 785 longe
489 732 740 783 attenuatis,
763 732 1069 785 Superioribus
1092 737 1134 775 et
1158 733 1344 776 bracteis
1368 736 1831 790 oblongo-linearilnis,

122 790 305 833 racemis
327 790 598 844 simplicibus
623 791 685 832 vel
716 790 861 833 bifidis
888 790 1123 834 fructiferis
1145 793 1266 835 laxis.
1291 795 1449 847 calycis
1474 796 1685 837 fructiferi
1709 797 1830 838 valde

122 849 276 892 accreti
327 849 490 892 laciniis
535 850 788 903 linearibus,
831 850 993 892 corolla
1036 852 1292 894 ochroleuca
1339 853 1593 906 pubescenti
1638 867 1830 907 superne

121 908 296 951 dilatata
315 909 460 961 calyce
478 911 634 962 quarta
658 912 779 962 parte
799 909 991 962 longiore
1011 909 1215 953 dentibus
1236 911 1443 955 brevibus
1463 914 1615 959 ovatis.
1636 915 1830 956 nectario

120 968 284 1021 glabro,
301 967 497 1010 anthei-is
517 968 697 1011 inclusis
716 968 935 1011 filamento
965 968 1115 1023 sesqui
1138 970 1204 1011 vel
1226 970 1358 1024 duplo
1386 972 1669 1025 longioribus,
1696 986 1832 1015 nucu-

120 1027 174 1069 lis
196 1027 529 1079 ovato-trigonis
553 1027 835 1069 acutiusculis
863 1027 1041 1069 laevibus
1068 1028 1221 1070 lucidis
1247 1029 1313 1083 (ᾖ.
1340 1029 1393 1070 Ic.
1422 1031 1538 1085 Jacq.
1559 1031 1709 1073 Austr.
1740 1030 1824 1073 tab.

125 1086 217 1127 195.
245 1109 303 1114 —
337 1084 381 1127 Ο.
411 1085 672 1127 menardum
694 1086 820 1129 W.K.
850 1086 991 1139 Hung.
1028 1086 1112 1128 tab.
1147 1088 1243 1130 279.
1276 1112 1328 1119 —
1370 1088 1414 1131 Ο.
1446 1089 1635 1131 Gmele'nl
1663 1090 1824 1132 Ledcb.

118 1144 204 1186 Alt.
233 1145 266 1195 Ι,
292 1157 332 1198 p.
364 1142 457 1187 184.
482 1169 540 1174 -—
567 1146 679 1187 Icon.
709 1146 793 1188 tab.
825 1146 919 1188 ⁰280.

166 1217 262 1253 Hah.
281 1218 320 1253 in
341 1217 488 1253 Tauria
506 1220 543 1253 et
561 1217 738 1254 Caucaso
760 1218 817 1262 (M
833 1218 887 1262 Β,
905 1217 1040 1263 Stev.).
1060 1219 1171 1266 Saepe
1197 1231 1284 1256 cum
1312 1220 1352 1256 Ο.
1373 1226 1496 1258 setoso
1517 1225 1554 1257 et
1578 1223 1830 1270 microearpo

118 1264 167 1300 ab
187 1265 412 1301 auctoribus
435 1265 644 1301 confusum
660 1266 700 1301 in
719 1266 867 1301 ditione
883 1266 1007 1302 rarius
1025 1266 1189 1302 videtur.
1205 1268 1294 1303 Vidi
1308 1270 1522 1314 specimina
1539 1270 1763 1305 authentica
1779 1281 1827 1306 ex

117 1311 291 1348 Caucaso
323 1312 621 1359 septentrionali
652 1313 702 1347 ad
733 1313 901 1348 fluvium
928 1313 1056 1349 Terek
1089 1314 1233 1359 (Ower.
1268 1316 1386 1351 Herb.
1419 1317 1537 1351 Acad.
1569 1317 1753 1363 Petroptl.
1785 1317 1825 1353 O.

117 1361 351 1395 arenarium
370 1359 466 1395 WK
497 1359 546 1395 ab
576 1359 617 1396 O.
637 1359 810 1396 echioz'de
836 1360 988 1396 Gallico
1008 1363 1046 1396 et
1063 1361 1299 1399 Germanico
1322 1364 1565 1410 distinguere
1597 1375 1675 1399 non
1698 1365 1825 1409 valeo,

115 1406 290 1442 rhizoma
308 1417 376 1442 nec
395 1407 486 1454 plus
504 1417 575 1442 nec
593 1408 726 1442 minus
744 1407 887 1443 bienne
907 1408 971 1443 vel
991 1418 1223 1454 perennans,
1239 1411 1440 1447 character
1455 1411 1630 1447 autherze
1646 1413 1827 1457 margine

116 1453 265 1498 glabrae
288 1454 351 1489 vel
384 1454 531 1490 seabrae
561 1455 722 1490 omnino
752 1455 935 1497 incertus,
965 1455 1033 1491 sed
1065 1454 1105 1492 Ο.
1142 1456 1332 1494 eelzioicles
1357 1469 1404 1494 ex
1424 1459 1615 1504 Hispania
1635 1461 1671 1493 et
1693 1459 1824 1494 Africa

116 1501 262 1536 boreali
278 1502 454 1548 specifice
471 1502 600 1537 differt
619 1502 775 1537 nuculis
795 1502 1013 1548 maioribus
1030 1503 1504 1541 malleato-serobieulatis
1518 1506 1713 1541 interdum
1731 1506 1823 1542 late-

117 1547 248 1584 raliter
272 1549 577 1591 subbicornutis‚
603 1560 653 1585 an
678 1548 720 1586 Ο.
742 1550 1091 1598 trz'eerospermum
1119 1552 1233 1598 Lagl.
1257 1552 1296 1589 O.
1323 1553 1681 1600 Transylvcmz‘cum
1699 1553 1827 1589 Schur

115 1594 265 1632 differre
285 1606 443 1643 quoque
466 1596 633 1632 videtur.

161 1659 222 1695 Ar.
245 1659 378 1705 Geoqr.
408 1659 540 1695 Gallia
558 1659 758 1705 australis,
777 1660 991 1696 Germania
1012 1661 1144 1697 media
1164 1663 1419 1699 occidentalis
1447 1667 1485 1699 et
1507 1665 1705 1706 australis,
1730 1665 1824 1700 Hel-

114 1706 665 1790 ffietgpegpisstsszzlisitgzgzlimatie,
698 1708 805 1754 regio
828 1708 1077 1754 Danubialis‚
1097 1709 1240 1745 Ros-sia
1259 1711 1387 1746 media
1406 1712 1442 1746 et
1460 1711 1659 1755 australis,
1678 1711 1822 1747 Sibiria

172 1869 210 1910 3.
245 1868 302 1912 Ο.
338 1872 608 1913 setosum
647 1869 828 1923 (Ledeb.
871 1871 934 1912 Fl.
974 1873 1060 1913 Alt.
1092 1879 1121 1921 ι,
1159 1885 1196 1926 p.
1230 1874 1323 1916 181.
1347 1897 1403 1905 —
1448 1873 1558 1916 lcon.
1601 1874 1683 1916 tab.
1722 1874 1821 1927 196)

112 1930 249 1970 totum
267 1929 373 1970 setis
396 1941 418 1971 e
442 1929 669 1972 tuberculo
693 1930 843 1982 glabro
862 1930 971 1972 ortis
995 1931 1045 1972 ad
1069 1931 1167 1974 folia
1190 1932 1561 1986 adpressiusculis
1579 1935 1816 1984 strigosum

111 1987 383 2031 cinerescens
416 1988 533 2030 Inter
558 2000 632 2030 eas
665 1989 864 2042 glabrum
894 1990 959 2031 vel
989 1990 1258 2044 asperulum.
1292 1992 1488 2034 caulibus
1514 1992 1640 2033 elatis
1669 1992 1821 2034 stricte

112 2045 272 2090 foliosis
298 2059 490 2101 superne
514 2047 664 2090 stricte
685 2051 728 2091 et
750 2048 945 2091 breviter
971 2050 1518 2104 ramuloso-pyraniidatis.
1544 2051 1654 2093 foliis
1685 2051 1819 2093 linea-

113 2103 232 2147 ribus
255 2105 424 2148 obtusis
453 2107 646 2161 margine
676 2107 887 2150 revolutis
917 2108 1198 2151 inferioribus
1218 2113 1262 2151 et
1284 2110 1559 2152 intermediis
1591 2111 1821 2162 elongatis,

110 2163 332 2207 floralibus
355 2165 621 2208 abbreviatis
647 2166 895 2209 lanceolatis
918 2167 1071 2211 acutis¹
1098 2169 1282 2211 racemis
1305 2170 1430 2211 etiam
1461 2169 1697 2211 fructiferis
1720 2168 1816 2210 bre-

112 2222 235 2265 vibus
263 2237 412 2278 parum
443 2225 567 2273 laxis,
596 2226 754 2279 calycis
782 2225 958 2268 demum
987 2227 1144 2268 accreti
1174 2227 1338 2270 laciniis
1368 2228 1814 2277 lineari-lanceolatis,

110 2281 278 2324 corollae
304 2283 571 2327 ochroleucae
597 2285 802 2328 velutinae
832 2286 977 2338 calyce
1013 2285 1140 2327 tertia
1171 2291 1292 2339 parte
1322 2287 1532 2339 longioris
1565 2287 1683 2340 apice
1712 2286 1816 2328 sub-

111 2339 294 2384 dilatatae
331 2343 438 2385 lobis
474 2343 684 2387 brevibus
721 2344 875 2392 ovatis‚
912 2345 1103 2387 nectario
1142 2345 1306 2398 glabro,
1343 2346 1538 2389 antlieris
1565 2345 1682 2400 apice
1713 2346 1817 2387 sub-

109 2401 291 2444 exsertis
320 2402 539 2444 filamento
564 2415 643 2446 suo
668 2402 1040 2456 sublongioribus.
1066 2404 1237 2447 nuculis
1264 2406 1428 2458 magnis
1459 2405 1640 2458 trigonis
1675 2404 1817 2446 acutis

112 2459 319 2504 malleatis
343 2465 386 2503 et
412 2462 574 2516 saepius
597 2462 751 2505 obtuse
778 2463 1249 2516 rugoso-tuberculatis
1275 2463 1342 2519 Θ.
1372 2464 1419 2505 0.
1459 2462 1646 2505 Visianie‘
1673 2462 1808 2505 Clem.

112 2515 218 2560 Bull.
248 2519 382 2575 Mosq.
416 2520 522 2563 exel.
551 2520 653 2575 Syn.
688 2521 850 2564 Visian.
879 2521 940 2563 Fl.
970 2522 1109 2564 Dalm.
1143 2525 1186 2565 et
1213 2521 1257 2564 Ο.
1289 2522 1539 2575 σαίῃεὶηιιηι
1571 2522 1686 2565 Stev.
1718 2522 1810 2564 lnd.

111 2574 279 2631 Petrop.
306 2578 378 2620 IX.

154 2649 256 2685 Hah.
277 2651 317 2686 in
333 2653 438 2695 agris
457 2653 578 2689 aridis
596 2653 753 2690 Tauriae
773 2653 883 2698 (Stev
897 2683 905 2697 ‚
922 2654 1096 2701 Beaupre
1110 2657 1146 2700 l),
1166 2656 1346 2701 Georgiae
1366 2654 1819 2698 (Jaucasicw(Ho}1e11!),

106 2696 300 2734 Armeniae
319 2700 369 2735 ad
390 2700 720 2737 Nackitschewan
740 2702 905 2746 (Szovl).

163 2761 207 2813 β.
246 2761 600 2807 (liclcroantltmn.
638 2789 693 2797 —
732 2766 852 2808 Inter
892 2771 1008 2810 setas
1054 2767 1314 2821 pubescens.
1359 2768 1519 2810 corolla
1571 2767 1810 2809 versicolor

106 2819 279 2864 demum
319 2825 898 2868 caerulescenti-violascens.
930 2851 980 2856 —
1010 2825 1054 2868 0.
1097 2826 1437 2868 (lielerfflmtluim
1476 2827 1613 2869 Boiss.
1655 2826 1807 2877 Diagn.

107 2876 196 2921 Ser.
221 2880 253 2929 Ι,
282 2881 351 2930 11,
372 2895 411 2937 p.
440 2884 604 2925 lO7.—
634 2883 679 2926 0.
707 2884 951 2937 striyosum
978 2888 1092 2928 δῖον.
1122 2885 1222 2927 Mss,
1244 2909 1291 2917 —
1326 2885 1371 2926 Ο.
1402 2885 1607 2937 Caspium
1635 2885 1811 2926 (iruner

105 2935 215 2980 Bull.
239 2940 371 2995 Mosq.
406 2943 527 2988 1867,
556 2955 595 2996 p.
621 2944 720 2985 44¹.
