2100 3262
282 207 353 243 652
1043 215 1242 240 LABIATAE.
1832 207 1997 254 Nepeca.

331 289 433 324 Hab.
454 288 502 323 ad
521 288 606 322 vias
629 289 664 321 et
687 287 726 321 in
748 286 858 321 siccis
879 286 1050 331 regionis
1069 286 1267 321 inferioris
1287 286 1411 322 Cretae
1429 287 1566 331 (8101),,
1583 287 1659 323 Ηο1
1663 288 1727 322 dr!
1747 288 1874 324 Weiss
1884 291 1922 334 l)

331 344 543 390 Bipedalis,
562 342 657 377 folia
675 342 857 376 inferioia
879 341 944 377 2-
921 342 957 367 ‘2¹
961 342 1035 388 l2-p
1039 342 1171 377 ollices
1195 342 1326 387 longa,
1345 343 1452 389 spica
1470 344 1533 378 4-““”
1498 356 1551 378 --0
1556 343 1756 389 pollicaris
1774 345 1860 379 basi
1876 345 1995 381 valde

283 393 509 437 interrupta,
540 389 655 435 calyx
678 389 823 424 florifer
848 388 871 424 3
898 353 1035 433 lineasp,
1063 389 1334 425 001011361111.
1353 389 1484 435 longa.
1514 390 1650 426 Facies
1677 390 1890 438 Stachydcs
1919 393 1997 428 cz'r-

282 442 472 475 cmnatoe

347 533 415 574 38.
460 531 531 573 N.
579 529 913 584 Sibthorpii
953 529 1072 583 (Btb.
1117 529 1219 572 Lab.
1265 543 1308 583 p.
1353 529 1466 585 474)
1500 531 1712 584 adpresse
1752 528 1996 574 tomen'tosa

284 604 402 640 cana,
431 590 629 632 caulibus
656 588 811 630 erectis
836 588 901 629 vel
932 589 1273 631 ascendentibus
1310 588 1582 642 simplicibus
1609 590 1675 631 vel
1704 601 1830 642 parce
1854 603 1992 632 ramo-

286 651 364 700 sis,
394 649 508 692 foliis
528 647 966 701 breviterpetiolatis
993 648 1168 701 rugosis
1194 648 1543 702 ovato-oblongis
1576 648 1765 690 cordatis
1789 649 1997 696 crenatis,

285 708 605 751 verticillastris
630 707 779 761 paucis
803 705 1056 749 densissoris
1083 707 1369 748 inferioribus
1393 707 1659 750 distantibus
1684 707 1988 760 superioribus

284 769 328 810 in
353 767 515 820 spicam
550 767 780 818 oblongam
814 765 1112 813 condensatis,
1144 765 1331 808 bracteis
1365 767 1614 808 numerosis
1651 765 1994 808 membranaceis

285 826 443 868 albidis
484 823 943 876 oblongo-lanceolatis
978 824 1466 867 subulam-acuminatis
1503 826 1672 878 calyces
1706 825 1999 878 aequantibus,

284 886 444 939 calycis
468 885 576 926 recti
608 882 814 926 dentibus
852 883 1183 937 subaequalibus
1216 884 1341 936 longe
1378 882 1859 926 lanceolato-subulatis
1891 885 1996 927 tubo

285 944 558 999 aequilongis,
580 943 753 985 corollae
776 942 930 984 albidae
958 942 1237 995 pubescentis
1262 943 1366 985 tubo
1394 943 1583 996 calycem
1618 955 1705 984 non
1742 942 1995 994 excedente,

284 1003 461 1046 1111011113
486 1002 770 1045 tuberculatis
802 1007 860 1047 26.
883 1001 936 1044 N.
960 1000 1117 1043 Italica
1144 999 1280 1043 Sibth.
1316 1003 1358 1043 et
1385 1001 1471 1044 Sm.
1501 1001 1563 1043 Fl.
1597 1001 1736 1044 Graec.
1769 1003 1808 1047 6,
1847 1004 1876 1043 t.
1912 1004 1995 1044 548

285 1061 524 1104 1101111-
544 1060 594 1103 N.
618 1059 827 1113 Aryolc'ca
853 1060 970 1114 Bory
993 1063 1037 1102 et
1060 1059 1222 1102 Cbaub.
1246 1061 1352 1114 Exp.
1379 1061 1485 1103 Mor.
1521 1060 1583 1102 No
1609 1062 1710 1113 889,
1745 1061 1840 1102 lab.
1874 1061 1996 1104 XVII

286 1120 451 1175 (mala).

335 1187 434 1222 Hah
457 1187 498 1222 in
516 1188 626 1223 siccis
647 1187 819 1232 regionis
838 1187 1034 1223 inferiolis
1054 1187 1216 1222 Graeciae
1235 1187 1374 1227 rarius
1399 1187 1546 1233 saepius
1574 1187 1612 1221 in
1642 1189 1832 1222 montana
1852 1189 1888 1222 et
1906 1188 1996 1223 sub-

286 1234 432 1281 alpina
458 1235 508 1270 ad
527 1234 739 1281 Naupliam
759 1238 797 1270 et
814 1235 942 1280 Argos
960 1235 1094 1279 (Bory,
1114 1234 1297 1280 Sprunl),
1325 1245 1440 1269 1110113
1467 1234 1635 1279 Kyllene
1660 1235 1698 1270 3-
1702 1234 1807 1270 4000’
1834 1235 1996 1279 (Heldrl

286 1282 408 1328 Orph.
427 1282 487 1317 Fl.
510 1282 575 1317 Gr
598 1281 815 1327 01132101),
847 1283 955 1327 r-egio
981 1281 1156 1317 abietina
1185 1282 1332 1317 montis
1350 1282 1496 1317 Parnes
1514 1282 1653 1317 Atticae
1674 1281 1829 1367 (8111111,
1849 1283 1995 1329 Sprun!

289 1329 462 1374 Heldrl),
481 1329 581 1365 circa
599 1330 735 1365 Patras
754 1328 902 1375 (Link).

346 1387 390 1440 β.
417 1386 633 1439 Βῖνρῖιῃα.
652 1413 708 1417 -
729 1387 882 1430 Planta
907 1387 1052 1429 minus
1078 1399 1198 1439 cana,
1222 1387 1355 1430 flores
1378 1387 1510 1442 paulo
1535 1387 1739 1429 1111110103
1760 1411 1816 1416 -
1834 1387 1895 1429 Ν
1929 1386 1999 1428 Βί-

286 1447 432 1499 ophya
461 1446 612 1488 Heldr.
636 1448 758 1489 herb.
781 1447 931 1489 Norm.
959 1447 1070 1488 777!

335 1512 437 1547 Hab.
457 1512 498 1546 in
519 1511 711 1558 lapidosis
730 1512 876 1548 montis
894 1512 1071 1558 Dirphys
1091 1511 1237 1547 Eubeae
1256 1511 1362 1547 4500
1382 1511 1573 1557 (Heldr!).

335 1568 488 1614 Species
506 1568 633 1602 affinis
655 1568 702 1603 N.
719 1567 921 1613 Orientali,
937 1570 1066 1613 magis
1084 1578 1193 1612 cana,
1221 1568 1345 1614 spicae
1365 1568 1565 1603 breviores
1589 1567 1717 1613 magis
1738 1567 1997 1612 condensatae,

288 1616 334 1651 111
337 1618 455 1651 acteae
472 1615 631 1650 latiores
651 1615 761 1651 albo·
765 1616 1093 1661 membranaceae,
1111 1615 1229 1661 calyx
1249 1616 1483 1662 profundius
1500 1615 1629 1650 fissus.

352 1715 419 1756 39.
453 1713 515 1756 N.
550 1714 917 1769 leucosteqia
949 1714 1116 1769 (Boiss.
1145 1717 1188 1757 et
1211 1714 1362 1757 Heldr.
1387 1715 1539 1767 DIagn.
1577 1714 1669 1757 Ser.
1704 1713 1735 1765 I,
1767 1713 1824 1755 12
1857 1727 1897 1768 p.
1925 1714 1995 1766 63)

291 1773 631 1826 adpressissime
654 1785 757 1815 cana
776 1774 1057 1827 multicaulis‚
1076 1774 1276 1817 caulibus
1292 1773 1630 1817 ascendentibus
1648 1773 1883 1827 gracilibus
1903 1774 1999 1815 sirn-

291 1827 476 1886 plicibns
503 1833 572 1875 vel
598 1832 798 1882 ramosis,
836 1834 950 1875 foliis
989 1834 1138 1887 parvis
1176 1834 1393 1888 petiolatis
1432 1833 1620 1876 cordatis
1655 1833 1998 1886 ovato-oblongis

288 1892 448 1934 obtuse
473 1892 677 1941 crematis,
703 1893 1024 1936 verticillastris
1046 1893 1298 1935 numerosis
1329 1892 1475 1946 parvis
1510 1891 1762 1935 multifloris
1796 1892 1998 1935 distanti-

290 1951 374 1993 bus
397 1950 521 2003 longe
543 1954 585 1992 et
612 1950 706 1992 laxe
732 1953 983 1994 racemosis.
1010 1952 1199 1995 bracteis
1224 1952 1474 1995 numerosis
1498 1951 1700 1994 nervosis
1723 1951 2000 2004 albo-margi-

291 2010 405 2052 natis
429 2010 889 2063 oblongo-lanceolatis
925 2012 1194 2054 mucronatis
1229 2012 1370 2064 calyce
1399 2011 1472 2053 vix
1506 2009 1803 2062 brevioribus,
1845 2010 1998 2064 calycis

293 2068 533 2110 lomentelli
562 2069 667 2110 recti
695 2070 902 2112 dentibus
925 2070 1169 2125 aequalibus
1205 2070 1453 2113 lanceolatis
1486 2071 1591 2112 tubo
1626 2069 1896 2123 aequilongis,
1934 2081 2000 2111 co-

291 2128 414 2170 rollae
443 2128 552 2170 albae
579 2127 860 2181 pubescentis
896 2130 1000 2172 tubo
1040 2130 1310 2173 subincurvo
1348 2129 1610 2171 subexserto
1646 2129 1817 2172 nuculis
1854 2128 2001 2171 tuber-

289 2187 448 2229 culatis
482 2193 541 2234 26.
566 2187 627 2229 N.
667 2186 911 2240 Se'bthorpe‘i
941 2189 1038 2231 Bth.
1071 2201 1125 2231 ex
1159 2193 1284 2243 parte
1319 2188 1462 2243 quoad
1496 2189 1684 2242 plantam
1720 2199 1774 2230 ex
1800 2187 1999 2230 Anatolia

292 2249 335 2288 et
358 2245 497 2300 Syria.

339 2310 439 2345 Hab.
460 2311 501 2346 in
521 2311 569 2356 L)
569 2311 639 2347 cia
661 2321 782 2358 prope
808 2311 969 2347 Elmaiu
996 2313 1158 2357 (Bourg.
1186 2312 1301 2358 2132),
1324 2312 1473 2348 Pisidia
1505 2312 1555 2348 ad
1584 2313 1761 2348 Bouldur
1784 2314 1822 2348 et
1847 2312 2000 2358 Egiidir

290 2357 488 2404 (Heldrl),
506 2358 556 2393 ad
573 2360 747 2400 Amasin,
766 2359 906 2403 Tokat
924 2360 1145 2397 Sasranbol.
1168 2360 1352 2404 Samsun,
1370 2360 1570 2399 Mersivan
1589 2360 1773 2403 (Wiedl),
1796 2360 1932 2398 Cilicia
1950 2359 2000 2395 ad

292 2405 423 2440 Giilek
447 2406 539 2451 (ΚΥ.
557 2406 643 2442 4581
666 2405 786 2452 Ball),
805 2410 937 2442 monte
959 2406 1170 2453 Ssoffdagh
1191 2389 1390 2443 Cataonice
1406 2411 1578 2454 etprope
1595 2406 1687 2442 Orfa
1703 2407 1998 2464 Mesopotamiae

291 2452 523 2498 (Haussk!)
553 2453 592 2488 in
619 2456 751 2489 monte
772 2454 837 2488 Pir
853 2454 975 2489 Omar
995 2455 1161 2490 Gudrun
1181 2455 1448 2490 Kurdistaniae
1464 2454 1503 2490 3-
1506 2454 1611 2490 4000’
1631 2455 1856 2500 (Haussk!)‚
1886 2455 1940 2500 Sy
1943 2454 1999 2489 ria

291 2510 412 2546 prope
431 2501 605 2536 Zebdani
623 2503 661 2536 et
678 2501 909 2536 Antilibano
925 2502 964 2536 4-
966 2501 1070 2538 6000‘
1091 2502 1206 2546 (Ehrl
1228 2502 1360 2538 Boissl
1380 2502 1452 2548 Ky.
1475 2503 1546 2548 41)

339 2556 478 2592 Affinis
509 2556 555 2592 N
588 2555 807 2604 Szmbtlzorpn
833 2568 856 2592 a
892 2569 971 2604 qua
1004 2558 1134 2593 differt
1167 2558 1399 2594 indumento
1437 2556 1685 2600 brevissimo,
1717 2556 1999 2593 verticillastris

291 2605 514 2639 numerosis
533 2604 774 2639 distantibus
793 2607 831 2639 et
850 2605 1067 2650 praesertim
1095 2608 1139 2641 ut
1163 2607 1200 2641 et
1228 2617 1250 2640 a
1277 2606 1323 2641 N.
1356 2605 1552 2642 Orientali
1578 2606 1742 2640 floribus
1768 2604 2000 2650 minoribus⁷

290 2650 457 2687 bracteis
476 2655 512 2687 et
531 2652 664 2697 calyce
684 2652 855 2687 breviter
874 2662 943 2688 nec
962 2652 1079 2699 long-e
1100 2654 1284 2699 aristatis,
1307 2653 1455 2689 corolla
1473 2653 1715 2689 subexserla.

868 2788 890 2843 ἕ
923 2791 962 2831 7.
997 2789 1394 2845 Stenosteqiae

352 2909 424 2951 40.
462 2909 524 2951 Ν.
561 2908 816 2953 Cadmea
850 2909 1011 2964 (Boiss.
1050 2909 1206 2962 Diagn.
1248 2909 1342 2952 Ser.
1385 2909 1417 2961 Ι,
1455 2910 1478 2950 5
1519 2922 1557 2963 p.
1598 2908 1673 2963 21)
1712 2908 1924 2962 adpresse
1957 2907 1999 2947 et

292 2968 555 3012 brevissime
583 2970 1071 3023 pruinoso-tomentella
1097 2969 1255 3023 pallide
1282 2970 1441 3019 virens,
1466 2968 1662 3011 caulibus
1687 2966 1843 3011 erectis
1874 2965 1998 3008 elatis
