2100 3262
282 205 352 241 276
993 208 1278 234 BORRAGINEAE.
1753 197 1975 245 Asperugyo.

283 286 543 329 brevissime
563 282 828 338 pedicellatis
853 283 926 324 3-4
949 282 1212 324 fasciculatis
1237 281 1349 325 foliis
1371 281 1598 324 floralibus
1622 281 1846 335 oppositis,
1864 281 1983 334 pcdi-

282 346 401 389 cellis
424 343 659 387 fructiferis
682 342 872 395 cernuis,
894 340 1052 395 calycis
1070 341 1280 383 fructiferi
1299 340 1699 384 reticulato-venosi
1717 340 1825 383 tobis
1844 340 1982 383 acutis

282 405 437 448 ciliatis
468 408 532 454 Q).
556 402 611 445 Ic.
635 402 698 444 Fl.
727 401 834 443 Dan.
859 399 943 443 tab.
969 401 1067 442 552.
1094 425 1144 430 —
1170 400 1308 443 Rcbb.
1333 401 1418 443 tab.
1450 401 1544 442 1⁹26.

330 479 431 514 Hab.
451 478 489 512 in
510 476 715 519 ruderatis‚
732 474 860 519 cultis,
877 474 996 510 totius
1011 474 1173 510 ditionis
1189 474 1240 509 ab
1257 474 1385 509 Attica
1399 474 1554 519 (Simu,
1568 473 1692 509 Heldr
1703 474 1739 518 1),
1758 473 1987 508 Macedonia

281 530 318 562 et
338 525 522 561 Thracia!
542 524 593 559 ad
612 523 799 559 Arabiam
820 524 994 568 petream
1013 521 1185 566 (Auchl),
1203 521 1375 557 Persiam
1395 520 1595 557 borealem
1621 520 1753 566 (Egel)
1768 522 1806 556 et
1834 523 1984 556 austra-

280 574 359 610 lem
374 573 500 618 (Kyl)‚
522 570 772 617 Affghaniam
787 569 908 614 (Griff
917 572 956 613 !),
973 568 1240 605 Belutschiam
1257 569 1460 614 (Stocksl)‚
1472 568 1777 605 Turkestaniam
1797 568 1983 612 (Lehml).

279 621 322 656 In
341 619 644 656 australioribus
664 628 770 665 saepe
788 620 988 653 montana.

338 688 382 742 β.
422 683 754 740 pcdzmcularis.
794 707 847 716 —
890 684 1043 727 Flores
1089 683 1271 726 solitarii
1289 716 1299 736 ‚
1346 682 1547 738 pedicelli
1587 680 1720 735 calyci
1762 680 1984 723 fructifero

279 745 482 803 (Juniori)
505 744 750 799 aequilongi.

325 821 427 857 Hab.
446 820 496 856 ad
513 818 746 856 Ssertschah
764 818 908 854 Persiae
928 817 1066 853 mediae
1089 816 1292 853 orientalis
1307 816 1406 863 (Bge
1419 817 1460 862 1).

327 885 533 933 Specimen
552 894 631 919 non
653 885 712 919 sat
732 884 847 918 aetate
866 883 1109 929 provectum.

327 951 391 987 Ar.
412 950 544 996 Geogr.
572 948 732 996 Europa
748 948 892 992 omnis,
905 946 1051 983 Sibiria
1068 944 1270 983 Uralensis
1289 947 1326 982 et
1343 944 1509 990 Altaica,
1528 944 1658 980 Africa
1676 942 1857 979 borealis.

381 1081 732 1134 sucursstcnn
756 1039 940 1144 (xssrenn
967 1080 1071 1129 ssun.
1099 1082 1187 1130 soc.
1213 1079 1340 1142 nosq.
1368 1077 1500 1135 1841,
1535 1093 1572 1140 p.
1598 1077 1668 1135 ic,
1698 1076 1784 1125 tat.
1813 1076 1875 1138 2).

336 1214 469 1268 Calyx
488 1212 813 1268 quinquelobus
832 1212 1027 1254 fructifer
1043 1211 1166 1253 valde
1185 1212 1382 1253 accretas
1400 1221 1637 1264 expansus.
1658 1207 1828 1251 Gor-olla
1849 1221 1994 1262 parva¹

278 1272 743 1330 hypocraterimorpba
764 1271 870 1314 tubo
897 1271 1078 1313 limbum
1105 1270 1260 1313 obtuse
1288 1269 1634 1324 quinquelobum
1658 1280 1744 1310 non
1769 1270 1984 1322 aequante,

278 1336 400 1378 fauce
423 1332 662 1376 fornicibus
683 1331 852 1374 obtusis
875 1331 1035 1373 clausa.
1058 1329 1267 1373 Antherae
1292 1331 1315 1371 5
1340 1332 1479 1372 ovatae
1501 1327 1764 1371 subsessiles
1789 1326 1981 1370 inclusae.

278 1394 428 1448 Stylus
454 1392 603 1435 brevis
631 1391 751 1446 apice
777 1390 1066 1445 capitellatus.
1088 1388 1126 1431 N
1131 1389 1268 1432 uculae
1292 1390 1364 1431 1-4
1386 1387 1582 1441 oblongae
1604 1387 1724 1441 apice
1750 1389 1984 1430 attenuatae

279 1455 436 1497 erectae
464 1451 594 1494 dorso
617 1462 810 1494 convexo
834 1447 1043 1492 echinatae
1066 1450 1135 1492 vel
1163 1450 1297 1492 laeves
1325 1451 1481 1491 ventre
1512 1458 1698 1489 concavo
1728 1449 1817 1489 toto
1852 1446 1985 1500 stylo-

279 1513 408 1568 podio
440 1523 596 1565 magno
632 1510 808 1564 globoso
838 1509 988 1552 inflato
1024 1521 1129 1552 cavo
1155 1509 1311 1551 adfixae
1337 1510 1379 1550 et
1408 1507 1632 1549 interdum
1668 1518 1766 1548 cum
1798 1518 1848 1548 eo
1886 1517 1985 1548 con-

280 1575 422 1616 eretae.
452 1596 505 1601 -
529 1570 675 1613 Herba
697 1582 842 1613 annua
866 1570 1018 1622 glauca
1044 1568 1207 1623 pumila
1229 1568 1334 1611 facie
1365 1565 1651 1619 Omphalodes
1678 1563 1900 1616 linifolioe.
1929 1589 1985 1594 ——

281 1633 433 1677 Genus
459 1629 706 1685 stylopodio
727 1629 911 1684 insigne,
934 1628 1059 1683 calyx
1084 1628 1282 1671 fructifer
1310 1625 1523 1670 Cacc'inioe
1550 1627 1593 1668 et
1615 1623 1897 1678 Heliocaryae.

345 1761 381 1802 1.
404 1757 455 1802 S.
474 1757 747 1812 calycina
769 1755 893 1812 (C.A.
911 1754 1019 1810 Mey.
1039 1755 1193 1797 Enum.
1215 1767 1256 1808 p.
1281 1755 1364 1797 100
1383 1753 1466 1796 sub
1486 1751 1776 1808 Gyrtoylosso)
1793 1765 1984 1794 annuum

283 1819 496 1874 pumilum
533 1816 734 1871 glaucum
772 1815 1053 1859 cai-nosulum
1090 1827 1114 1857 a
1150 1815 1259 1857 collo
1300 1814 1461 1868 saepius
1493 1812 1749 1868 pluricaule,
1790 1811 1986 1854 caulibus

282 1880 451 1922 inferne
477 1877 640 1920 foliosis
665 1876 710 1918 in
736 1887 928 1919 racemos
952 1875 1027 1916 2-3
1047 1875 1167 1917 laxos
1194 1873 1470 1926 abeuntibus,
1498 1872 1610 1914 foliis
1631 1871 1813 1926 integris
1837 1871 1987 1913 oblon-

283 1939 347 1992 gis
375 1936 538 1992 glabris
569 1936 637 1978 vel
666 1934 861 1989 margine
897 1934 1142 1988 praesertim
1178 1932 1677 1977 tuberculato-ciliatulis
1705 1930 1987 1974 inferioribus

283 1997 377 2041 basi
415 1996 665 2048 attenuatiS,
712 1994 901 2038 bracteis
952 1994 1150 2047 oblongis
1183 1993 1404 2047 pendulis,
1443 1991 1667 2046 pedicellis
1712 1990 1987 2033 filiformibus

284 2056 522 2101 fructiferis
555 2054 733 2099 cernuis
768 2054 911 2097 fructu
943 2053 1234 2105 brevioribus,
1261 2052 1420 2107 calycis
1456 2051 1670 2093 fructiferi
1705 2049 1814 2094 lobis
1849 2050 1988 2092 ovatis

284 2116 468 2169 obtusis,
491 2114 714 2158 fructifero
759 2113 885 2156 valde
927 2115 1095 2156 accreto
1132 2113 1338 2155 stellatim
1364 2123 1573 2165 expanso,
1605 2110 1765 2154 corolla
1802 2109 1988 2152 caerulea

285 2177 430 2231 calyce
465 2174 746 2228 sublongiore
781 2173 891 2216 lobis
926 2172 1064 2215 oratis
1097 2172 1281 2223 obtusis,
1311 2170 1483 2214 nuculis
1514 2170 1644 2212 dorso
1683 2171 1754 2213 vel
1789 2169 1985 2219 laevibus‚

284 2236 357 2278 vel
394 2233 609 2278 scabridis
644 2234 715 2276 vel
752 2231 1282 2286 aculeolato-glochidiatis
1323 2236 1387 2282 O.
1427 2229 1468 2272 S.
1505 2229 1705 2283 calycina
1738 2229 1867 2283 Alph.
1907 2241 1988 2270 nc.

285 2294 444 2338 Prodr.
470 2294 522 2345 X,
548 2307 587 2348 p.
614 2294 712 2336 163.
743 2317 794 2322 -
822 2291 862 2334 S.
889 2290 1215 2345 acanthocarpa
1240 2292 1342 2334 Kar.
1373 2314 1428 2320 -
1450 2288 1491 2332 S.
1510 2288 1772 2332 uniserz'alis
1796 2288 1897 2330 Led.
1928 2287 1986 2330 Fi.

285 2355 409 2398 Ross.
437 2354 512 2407 III,
537 2366 575 2408 p.
605 2354 699 2395 169.

334 2429 434 2464 Hah.
465 2429 504 2463 in
535 2427 734 2474 argillosis
765 2426 1027 2462 thermalibus
1070 2426 1111 2460 in
1139 2425 1292 2461 deserto
1321 2424 1655 2460 Transcaucasico
1685 2424 1784 2459 inter
1813 2423 1925 2458 Baku
1954 2426 1991 2459 et

285 2477 437 2512 Sallian
456 2476 503 2511 ad
520 2475 784 2511 diversorium
804 2474 913 2509 Kaete
930 2473 1150 2518 Koili(C.A.
1163 2472 1254 2518 Mey
1265 2474 1302 2519 1),
1314 2473 1353 2508 in
1366 2472 1494 2508 littore
1510 2472 1690 2507 orientali
1706 2471 1839 2518 Caspii
1854 2471 1990 2516 (Kar),

285 2523 547 2560 Turkestania
564 2524 603 2559 in
623 2522 786 2558 desertis
804 2521 1010 2557 Karakum
1028 2524 1065 2557 et
1084 2520 1285 2556 Kisilkum
1304 2520 1492 2564 (Lehni!).

333 2588 499 2623 Fructus
524 2598 570 2622 ex
595 2586 640 2621 01.
670 2598 691 2621 a
716 2585 854 2630 Bunge
885 2584 927 2620 in
959 2584 1109 2620 eisdem
1141 2583 1237 2619 locis
1268 2584 1389 2620 laeves
1423 2584 1487 2620 vel
1514 2583 1684 2619 echinati
1705 2583 1800 2618 mire
1825 2582 1991 2617 variant.

286 2635 427 2672 Planta
452 2633 716 2681 semipedalis,
744 2633 860 2668 ssores
883 2633 953 2668 vix
981 2632 1095 2668 lineae
1123 2632 1165 2677 ’li
1195 2631 1314 2678 longi,
1342 2631 1457 2677 calyx
1485 2631 1659 2667 fructifer
1682 2630 1798 2666 diam.
1819 2630 1842 2666 5
1863 2629 1990 2665 lineas

289 2683 407 2726 latus,
422 2682 578 2719 nuculae
597 2682 666 2717 vix
683 2682 706 2717 2
723 2680 847 2716 lineas
865 2680 1006 2726 longae.

354 2813 588 2862 CACfflNlA
616 2813 727 2874 (Savi
756 2813 856 2861 Cose
883 2811 965 2860 bot.
996 2825 1035 2873 p.
1070 2811 1102 2868 Ι,
1131 2810 1215 2860 [ab.
1241 2811 1273 2858 Ι.
1295 2838 1354 2847 -
1374 2810 1719 2857 Anisanthera
1742 2808 1923 2865 Rafin).

348 2946 481 3000 Galyx
501 2946 615 2988 ultra
639 2944 830 2986 medium
856 2943 1395 2998 quinquefidus‚fructifer
1419 2942 1543 2985 valde
1564 2945 1760 2983 acci-ctus
1786 2940 1986 2983 stellatum

289 3010 454 3062 patens.
482 3005 651 3048 Corolia
685 3002 1148 3060 hypocrateriincrpha
1181 3002 1283 3045 tubo
1313 3004 1495 3059 angusto
1523 3002 1711 3056 calycem
1741 3003 1990 3057 superante,
