2100 3262
311 285 381 320 210
1020 284 1304 312 BORRAGINEAE·
1822 275 1990 312 Eehium
2000 303 2017 312 -

310 365 538 420 triquetris
564 364 701 406 acutis
729 361 918 404 tenuiter
942 358 1231 402 tuberculatis
1260 362 1324 408 Θ.
1362 358 1416 401 Ic.
1445 358 1539 400 Del.
1566 358 1637 411 Eg.
1661 358 1745 401 tab.
1779 359 1845 409 17,
1872 358 1940 413 fig.
1969 359 2016 400 2.

314 451 367 455 —
401 424 443 465 E.
469 421 761 466 verecmzslum
787 420 955 462 Vivian.
980 419 1052 472 Eg.
1077 418 1178 460 Dec.
1206 417 1263 459 Νο
1287 418 1341 459 25
1368 420 1410 459 et
1436 417 1571 459 herb!

363 490 460 526 Hah.
481 490 522 524 in
539 489 657 524 aridis
678 489 715 523 et
732 487 909 522 arenosis
927 485 1031 531 AEgy
1062 486 1090 520 ti
1109 485 1305 520 inferioris
1326 483 1681 520 adAlexandriam
1699 483 1816 529 (Del,
1833 484 2022 521 Ehrenbi‘

314 538 466 573 Samari
487 535 607 572 Gailli
630 537 726 578 etc),
748 534 797 569 ad
819 533 976 569 Rosette
994 535 1009 577 (
1048 543 1087 578 y.
1108 531 1222 577 5931).

360 593 502 628 Caules
520 590 805 638 4-6-pollicares
825 589 984 624 tandem
1006 587 1191 634 elongati,
1209 587 1326 634 spicae
1344 587 1506 622 demum
1534 586 1836 634 4—6-pollicares‚
1865 588 2016 624 corolla

313 641 335 675 7
353 641 477 676 lineas
495 640 625 684 longa,
645 637 798 673 nuculae
817 648 837 673 e
856 636 1030 672 minimis
1047 635 1194 671 lineam
1210 633 1415 670 dimidiam
1432 633 1536 669 latae.

378 759 443 799 13.
478 757 534 799 E.
565 755 910 799 arenarium
937 752 1091 809 (Guss.
1116 753 1210 796 Ind.
1236 752 1357 796 Hort.
1382 752 1561 796 Boccad.
1592 753 1725 808 1825)
1753 767 1946 797 annuum
1973 757 2018 797 et

313 818 485 866 bienne‚
514 815 618 858 setis
641 827 663 856 e
692 814 919 856 tuberculo
942 813 1050 856 ortis
1074 813 1276 870 foliorum
1316 811 1541 866 adpressis
1563 812 1698 855 caulis
1723 816 1765 856 et
1794 825 2014 856 ramorum

316 876 477 931 patulis
506 874 709 919 obsitum,
732 873 929 916 caulibus
962 872 1172 915 brevibus
1198 871 1534 915 ascendentibus
1559 872 1625 913 vel
1654 872 1886 926 prostrans
1913 873 2018 915 sirn-

314 935 499 989 plicibus
522 934 589 976 vel
619 933 817 979 ramosis,
843 932 955 974 foliis
980 932 1241 974 radicalibus
1273 930 1743 984 oblongo-spathulatis
1776 931 1944 974 obtusis
1971 931 2016 974 in

314 994 524 1048 petiolum
549 992 797 1034 attenuatis.
823 991 1004 1033 caulinis
1027 991 1258 1033 sessilibus
1285 1003 1307 1031 a
1338 990 1428 1031 basi
1457 989 1718 1033 subdilatata
1748 1002 1862 1044 saepe
1889 993 2020 1032 semi-

315 1052 619 1106 amplexicauli
648 1050 909 1093 lanceolatis.
934 1050 1065 1103 spicis
1099 1050 1273 1092 demum
1302 1049 1514 1102 elongatis
1549 1049 1668 1097 laxis,
1697 1049 1883 1092 bracteis
1909 1050 2015 1092 sub·

315 1111 722 1163 cordato-oblongis„
749 1109 932 1151 floribus
966 1109 1248 1151 inferioribus
1285 1119 1399 1161 saepe
1437 1108 1833 1157 extraaxillaribus,
1857 1107 2016 1163 calycis

316 1170 491 1223 strigosi
532 1170 620 1211 fere
662 1169 876 1212 immutati
917 1168 1083 1211 laciniis
1129 1167 1377 1210 lanceolatis
1420 1167 1602 1217 obtusis,
1645 1168 1805 1209 corolla
1846 1168 2015 1211 minuta

314 1228 745 1272 tubuloso-obconica
782 1228 895 1269 hirta
933 1229 1075 1281 calyce
1114 1226 1334 1280 subduplo
1377 1226 1590 1280 longiore,
1630 1226 1890 1269 staminibus
1927 1239 2013 1270 non

315 1289 516 1336 exsertis,
542 1288 654 1340 stylo
683 1288 804 1341 longe
830 1286 977 1337 bifido,
1006 1286 1175 1330 nuculis
1201 1286 1456 1329 acuminatis
1485 1289 1608 1328 acute
1631 1285 1918 1329 tuberculatis
1947 1290 2018 1336 Θ..

315 1348 368 1389 Ic.
395 1346 523 1390 Guss.
552 1347 614 1388 ΡΙ.
643 1359 728 1389 rar.
754 1347 838 1389 lab.
874 1347 934 1387 17.

364 1413 463 1448 Hah.
495 1414 535 1448 in
561 1413 760 1449 littoribus
779 1412 914 1447 Atticae
947 1411 1109 1458 (Sprunl
1139 1409 1434 1456 BoisSlESartl),
1454 1410 1654 1456 Argolidis
1673 1409 1819 1457 (Sprun
1829 1412 1866 1456 l),
1887 1410 2015 1447 Cretae

315 1460 499 1505 (HeldrU,
522 1461 662 1496 insulae
685 1460 784 1506 Syra
805 1459 995 1504 (Weissl].

363 1516 425 1551 Ab
444 1516 482 1551 E
512 1516 688 1563 calycz'no
709 1515 907 1561 calycibus
927 1514 1132 1550 fructiferis
1159 1523 1236 1549 non
1257 1512 1469 1559 ampliatis
1488 1513 1540 1548 ab
1559 1512 1605 1548 Ε.
1623 1518 1748 1550 setoso
1774 1513 1892 1560 spicis
1910 1513 2013 1549 laxis

316 1565 447 1599 minus
466 1564 582 1610 longe
600 1566 637 1598 et
655 1564 772 1598 dense
792 1563 931 1598 setosis
954 1564 991 1598 et
1006 1562 1172 1597 floribus
1198 1560 1450 1596 inferioribus
1479 1560 1842 1605 extraaxillaribus
1868 1561 2032 1607 calycis,

314 1611 468 1646 laciniis
485 1611 703 1653 latioribus,
721 1610 875 1646 nuculis
894 1610 1130 1645 acuminatis
1148 1609 1366 1655 majoribus
1385 1607 1540 1654 egregie
1562 1608 1800 1645 distinctum.

364 1668 421 1703 Ar.
444 1667 577 1713 (ἔθορε.
607 1667 773 1711 Corsica,
792 1665 913 1710 Italia,
932 1664 1076 1708 Sicilia,
1094 1665 1223 1700 Africa
1241 1664 1421 1709 borealis,
1438 1663 1582 1699 insulae
1602 1664 1870 1700 Canarienses.

381 1782 446 1822 14.
484 1780 540 1822 Ε.
573 1780 909 1834 calycinum
948 1778 1062 1830 (Viv.
1090 1778 1205 1820 Ann.
1236 1778 1322 1820 bot.
1348 1778 1378 1824 Ι,
1414 1791 1453 1831 p.
1492 1777 1592 1833 164]
1625 1790 1836 1830 annuum,
1861 1778 2020 1821 setulis

316 1839 407 1881 basi
444 1840 729 1882 tuberculaliss
757 1839 890 1881 caulis
927 1842 970 1880 et
1005 1849 1223 1880 ramorum
1261 1837 1513 1892 patentibus
1550 1837 1754 1880 foliorum
1789 1837 2015 1892 adpressis

315 1898 520 1942 obsitum.
559 1898 754 1940 caulibus
782 1897 1116 1941 ascendentibus
1152 1896 1218 1938 vel
1246 1896 1475 1950 prostratis
1499 1896 1543 1938 in
1573 1897 1734 1951 spicam
1772 1896 2013 1950 simplicem

315 1958 458 2000 rarius
484 1969 612 2010 parce
640 1969 852 1999 ramosam
876 1958 1072 1999 foliosum
1098 1956 1270 1998 demum
1297 1957 1436 1998 laxam
1463 1956 1741 2001 abeuntibus.
1764 1955 1877 1998 foliis
1899 1955 2014 1998 radi-

315 2016 480 2058 calibus
507 2017 712 2058 rosulatis
737 2016 930 2069 oblongis
956 2017 1024 2059 vel
1053 2014 1517 2070 oblongo-spathulatis
1542 2015 1712 2058 obtusis
1737 2014 1778 2056 in
1803 2015 2012 2069 petiolum

314 2075 491 2118 brevem
517 2075 765 2119 attenuatis.
790 2075 1091 2129 superioribus
1115 2074 1343 2117 sessilibus
1366 2075 1589 2117 interdum
1611 2073 2015 2128 semiamplexicau-

313 2134 443 2182 lilius,
480 2134 665 2176 floribus
704 2135 983 2177 inierim-ibus
1020 2145 1133 2187 saepe
1173 2133 1569 2177 extraaxillaribus.
1609 2134 1766 2187 calycis
1803 2133 2014 2187 adpresse

314 2194 445 2235 setosi
488 2194 655 2236 laciniis
696 2194 942 2236 lanceolatis
979 2193 1191 2235 sructiferi
1228 2193 1353 2236 valde
1394 2192 1533 2236 auctis
1575 2192 1762 2235 foliaceis
1801 2191 2013 2245 oblongis,

312 2253 473 2295 corolla
497 2257 679 2305 anguste
711 2253 1136 2296 tubuloso-obconica
1173 2254 1359 2295 caerulea
1394 2252 1538 2306 calyce
1565 2251 1785 2306 subduplo
1822 2251 2014 2305 longiore

312 2316 439 2354 extus
485 2312 597 2354 hirta
640 2312 770 2354 limbo
815 2312 884 2353 vix
927 2312 1145 2365 ampliato,
1185 2311 1447 2354 staminibus
1489 2311 1686 2362 inclusis,
1725 2310 1839 2365 stylo
1887 2310 2013 2363 longe

312 2370 446 2412 bifido
478 2375 542 2421 Θ.
571 2371 624 2413 Ic.
650 2371 744 2413 Viv.
768 2370 826 2412 Fl.
855 2371 944 2412 Ital.
964 2371 1131 2423 Fragm.
1153 2370 1207 2422 ΙΙ,
1234 2370 1321 2413 tab.
1345 2371 1384 2412 4.
1406 2394 1464 2400 —
1496 2369 1543 2411 Ε.
1563 2369 1779 2412 Creticum
1794 2369 1855 2411 Fl.
1873 2367 2009 2411 Graec.

310 2430 397 2472 tab.
432 2431 508 2472 183
532 2443 619 2472 non
644 2429 687 2471 L.
711 2455 765 2460 —
794 2429 845 2471 E.
867 2432 1143 2482 prostratum
1169 2429 1273 2472 Ten.
1295 2430 1356 2472 Fl.
1378 2429 1487 2483 Nap.
1515 2429 1600 2472 tab.
1631 2430 1681 2471 12
1705 2441 1792 2472 non
1814 2428 1931 2471 Desf.
1956 2450 2008 2460 —-

312 2487 362 2529 E.
387 2487 683 2541 parviflorum
709 2489 883 2531 Maench.

360 2555 460 2590 Hah.
478 2555 526 2590 ad
546 2556 642 2599 vias,
662 2557 699 2591 in
718 2556 885 2591 collibus
905 2555 1015 2590 siccis
1034 2555 1279 2602 rupestribus
1298 2558 1335 2590 et
1356 2555 1533 2590 arenosis
1551 2554 1771 2598 maritimis,
1791 2554 1898 2599 regio
1915 2554 2012 2589 infe-

309 2603 388 2638 rior
406 2603 569 2638 Graeciae
596 2603 716 2638 totius
735 2607 771 2638 et
789 2604 872 2646 ejus
900 2602 1140 2638 insularum!
1165 2602 1346 2638 Thraciae
1367 2604 1404 2638 et
1424 2602 1622 2649 Bithyniae
1653 2601 1855 2647 (Griseb.)‚
1886 2600 2011 2648 Syriae

310 2651 359 2685 ad
383 2651 530 2697 Aleppo
549 2651 688 2694 (Auch.
707 2650 846 2695 2412n.

356 2707 418 2742 Ar.
437 2706 570 2752 Geoqr.
594 2706 789 2753 Hispania
807 2705 1003 2750 littoralis,
1021 2705 1155 2741 Gallia
1173 2705 1371 2751 australis,
1391 2705 1562 2749 Corsica,
1576 2704 1768 2749 Sardinia,
1782 2703 1926 2747 Sicilia,
1942 2703 2014 2739 Ita—

308 2753 370 2797 lia,
392 2754 602 2797 Dalmatia,
622 2754 752 2789 Africa
772 2752 955 2789 borealis.

701 2867 1037 2917 anatomicos
1077 2867 1202 2927 (nass.
1232 2866 1311 2914 Αιι.
1343 2867 1375 2920 ι,
1416 2881 1453 2928 ρ.
1485 2866 1603 2927 167).

367 3000 501 3053 Calyx
526 3001 760 3054 5-partitus
790 3000 939 3041 lacinia
964 2999 1099 3041 altera
1121 2999 1323 3041 breviore
1350 3009 1466 3053 saepe
1490 2998 1686 3041 evanida.
1710 2997 1881 3041 Corolia
1902 2996 2010 3039 tubo

306 3060 452 3113 gracili
482 3060 759 3112 subarcuato,
786 3059 906 3101 fauce
939 3057 1071 3108 nuda,
1097 3057 1228 3100 limbo
1259 3061 1432 3112 patente
1470 3057 1691 3108 bilabiuto‚
1726 3057 1836 3100 labio
1877 3067 2008 3109 supe-
