2100 3262
321 250 390 286 293
949 251 1357 278 SCROPHULARIACEAE.
1770 239 2013 280 Verbaseum.

321 375 393 417 ΤΒ.
416 376 448 416 Ι.
485 369 829 415 VERBASCEAE
855 369 948 412 Bth.
971 370 1012 412 in
1041 381 1124 411 nc.
1154 368 1308 410 Prodr.
1350 391 1405 397 —-
1430 365 1600 408 Corolla
1640 368 1779 409 rotata
1817 367 2013 411 subirre-

551 431 727 484 gularis.
770 428 961 471 Stamina
997 428 1220 476 declinata,
1257 426 1449 468 antherae
1477 424 1717 467 loculorum
1746 425 2012 471 confluentia

549 488 851 538 uniloeulares‚
890 491 1055 529 stamen
1090 486 1292 539 quintum
1335 483 1557 526 interdum
1594 483 1834 538 perfectum
1874 485 2010 530 adest.

550 547 873 590 Inssorescentia
912 545 1165 599 simpliciter
1199 544 1454 597 centripeta.
1496 542 1614 584 Folia
1653 543 2006 588 omniaralterna.

803 692 1100 741 VERBASCUM
1129 692 1190 752 (L.
1219 691 1318 738 Gen.
1346 705 1385 753 p.
1412 690 1506 749 97).

370 815 501 868 Calyx
529 812 686 857 5-fidus
708 813 774 855 vel
800 812 999 865 partitus,
1035 810 1202 853 Corolla
1237 810 1628 863 explanato-rotata
1655 808 1799 851 rarius
1823 819 2007 850 concava

310 874 418 917 lobis
451 875 474 915 5
512 874 607 926 plus
635 873 777 914 minus
803 872 1102 924 inaequalibus,
1150 869 1339 912 Stamina
1380 870 1403 910 5
1446 868 1681 909 filamentis
1716 867 2007 921 inaequalibus

309 933 484 986 posticis
523 932 662 973 tribus
698 931 765 973 vel
806 930 1007 971 omnibus
1046 927 1416 971 lanato-barbatis.
1459 926 1667 969 Antherae
1712 926 2006 969 uniloculares

308 1003 456 1033 omnes
484 991 699 1032 filamento
727 993 977 1030 transverse
997 989 1171 1030 insertae
1198 987 1456 1029 semiformes
1479 986 1546 1028 vel
1574 986 1659 1027 illae
1681 986 2003 1028 filamentorum

308 1048 508 1092 binorum
535 1049 797 1091 inferiorum
832 1048 1049 1089 filamento
1090 1046 1459 1100 longitudinaliter
1497 1044 1666 1086 adnatae
1697 1045 2002 1087 decurrentes.

308 1106 456 1162 Stylus
483 1108 650 1157 unicus,
673 1107 824 1159 stigma
844 1107 1067 1148 clavatum.
1094 1104 1279 1160 Capsula
1305 1104 1512 1158 seplieida
1539 1104 1659 1158 apice
1681 1102 1872 1146 bivalvis
1897 1103 2004 1146 bilo-

308 1167 483 1209 cularis.
505 1165 675 1208 Semina
705 1166 1100 1218 lacunoso-rugosa.
1122 1188 1178 1195 —-
1195 1164 1352 1206 Herbae
1372 1163 1682 1217 monocarpicae
1699 1162 1765 1206 vel
1787 1174 2003 1216 perennes

307 1226 450 1267 rarius
481 1225 743 1267 suffrutices,
777 1248 831 1254 —-
870 1223 1018 1266 Genus
1049 1227 1217 1265 vastum
1246 1224 1298 1265 ob
1327 1223 1564 1265 formarum
1600 1222 1886 1277 hybridarum
1916 1221 2004 1277 (hic

306 1282 617 1338 neglectarum)
653 1283 815 1336 copiam
842 1274 1022 1324 difficile.
1066 1282 1232 1336 Calycis
1270 1283 1584 1334 longitudinem
1618 1293 1794 1335 semper
1816 1292 1870 1324 ex
1894 1281 2003 1324 flore

307 1353 384 1385 nec
410 1355 461 1385 ex
483 1342 625 1384 fructu
649 1342 849 1384 indicavi.

712 1450 958 1504 specierum
994 1451 1284 1494 Orientalium
1318 1449 1585 1493 distributio.

392 1562 512 1606 Smer.
537 1563 567 1605 Ι.
597 1564 789 1608 THAPSUS
814 1565 907 1607 Bth.
937 1567 979 1608 in
1010 1579 1089 1609 uc,
1117 1565 1272 1608 Prodr.
1304 1564 1358 1615 X,
1385 1579 1422 1620 p.
1454 1565 1552 1606 225.
1584 1588 1636 1596 —
1664 1563 1911 1608 Staminum

664 1624 903 1677 longiorum
936 1626 1127 1668 antherae
1152 1625 1631 1668 aduam-decurrentes.

357 1723 380 1778 g
415 1725 450 1766 1.
483 1725 785 1782 Euthapsi.
823 1751 879 1758 —
907 1727 1056 1770 Flores
1084 1728 1318 1771 fasciculati
1342 1728 1409 1770 vel
1437 1727 1713 1781 glomerulati
1737 1727 1781 1768 in
1803 1738 1997 1770 racemos

915 1787 1125 1840 dispositi.

683 1870 698 1887 *
724 1869 1031 1906 Filamentorum
1053 1871 1143 1906 lana
1160 1871 1293 1907 albida
1314 1870 1378 1907 vel
1395 1871 1605 1907 lutescens.

913 1947 954 1988 -f-
981 1943 1117 1980 Flores
1134 1944 1380 1980 subsessiles.

357 2010 393 2047 V.
416 2012 604 2061 Thapsus,
623 2014 893 2063 thapsz's'orme‚
913 2018 1165 2065 phlomoz'des‚
1183 2022 1415 2066 campestre,
1434 2017 1635 2064 Layurus.

529 2098 571 2139 -Ι-
601 2099 642 2140 4-
676 2095 835 2133 Florum
862 2098 1039 2144 pedieelli
1065 2098 1189 2144 calyci
1217 2099 1432 2145 aequilongi
1458 2098 1524 2135 vel
1548 2098 1758 2145 longiores.

354 2165 389 2201 V.
410 2166 662 2215 Prusianum,
682 2169 935 2214 Guiceiardii,
954 2172 1189 2217 Armenum,
1207 2171 1465 2220 lon'qz'solz'um.

633 2254 650 2272 *
675 2256 690 2272 ¹*
716 2254 1025 2291 Filamentorum
1044 2256 1136 2292 lana
1153 2267 1348 2304 purpurea
1367 2257 1433 2293 vel
1455 2257 1639 2294 violacea.

348 2320 386 2357 V.
408 2324 719 2371 epz'oeanthinum,
733 2327 931 2374 foetidam,
948 2328 1285 2366 malacotrz'chum.

348 2422 369 2478 ἓ
404 2425 441 2465 2.
476 2426 799 2472 Blattariae.
829 2454 881 2459 —
906 2429 1055 2474 Flores
1084 2431 1266 2474 solitarii
1292 2432 1504 2474 racemosi
1529 2431 1599 2475 vel
1621 2431 1789 2485 spicati.

668 2510 687 2527 ¹*
719 2511 1026 2549 Filamentorum
1044 2514 1136 2550 lana
1154 2514 1289 2551 albida
1307 2515 1371 2551 vel
1389 2515 1599 2552 lutescens.

348 2569 383 2606 V.
401 2572 610 2610 subm'vale.

654 2658 669 2674 *
708 2657 1016 2695 Filamentorum
1036 2659 1128 2697 lana
1146 2672 1344 2709 purpurea
1364 2671 1428 2700 vel
1448 2663 1637 2700 violacea.

895 2735 937 2776 4-
965 2732 1099 2769 Flores
1123 2735 1369 2772 subsessiles.

342 2795 380 2832 V.
400 2799 656 2846 ovalzfolium,
678 2801 924 2850 Geor-‚qicum
943 2804 1145 2842 aloeoz'des.

501 2883 542 2923 -Ι-
572 2884 613 2924 4-
641 2882 773 2918 Flores
791 2884 981 2930 pedicello
998 2886 1123 2932 calyci
1140 2888 1365 2935 aequilongo
1384 2890 1448 2925 vel
1466 2889 1644 2936 longiore
1663 2890 1830 2927 suffulti.

283 2949 626 3046 Μίέοέἔιὶξὶιὲιέἷῖθ,
667 2955 895 3003 Punalense,
944 2958 1350 3010 Wiedemannz'anum,
1396 2975 1720 3014 maerocarpum,
1756 2966 1977 3013 Blattarz'a,
