2100 3262
269 242 340 277 174
981 228 1264 258 BORRAGINEAE.
1686 205 1952 261 Symphytum
1959 241 1971 250 .

275 324 422 366 virens
441 317 700 360 brevissime
718 301 1211 366 pubescenti-viscidum
1227 300 1333 344 setis
1348 297 1498 352 paucis
1515 296 1673 351 patulis
1691 296 1977 362 intermixtis.

276 381 417 424 radice
438 376 619 421 ramosa,
642 368 837 413 caulibus
856 355 1116 422 petiolorun‘n
1136 359 1415 402 decurrentia
1439 355 1669 410 angulatis,
1691 355 1801 398 foliis
1818 366 1976 409 repan-

277 441 342 482 dis
385 432 663 478 inferioribus
695 427 864 470 obtusis
892 423 1030 467 ovatis
1058 421 1125 462 vel
1162 417 1359 471 oblongis
1386 416 1480 458 basi
1512 414 1761 457 rotundatis
1790 414 1859 456 vel
1882 425 1975 456 cor-

278 497 401 539 datis.
425 488 728 546 superioribus
752 485 945 528 breviter
968 479 1185 537 petiolatis
1208 476 1541 528 sessilibusque‚
1569 473 1754 515 racemis
1783 473 1979 515 fructife-

276 557 337 598 ris
376 554 443 594 vix
481 550 604 599 laxis,
640 547 783 600 calyce
822 542 986 585 viscido
1028 543 1070 582 et
1108 548 1237 592 parce
1280 539 1424 578 setoso
1463 532 1656 576 florifero
1681 530 1886 574 tubuloso
1922 532 1977 574 ad

277 616 475 669 quartani
515 611 681 662 partem
719 600 1003 658 quinquelido
1037 596 1262 640 fructifero
1294 594 1419 637 valde
1454 596 1581 635 aucto
1618 590 1978 645 patenti-deflexo

280 674 360 714 late
379 664 822 721 oblongo-cylindrico
842 660 1045 721 dent-ibus
1072 657 1153 698 late
1170 665 1346 707 campan
1356 653 1499 703 alatis,
1516 650 1688 694 corollae
1710 649 1816 692 albae
1834 649 1977 704 calyce

279 731 411 783 duplo
456 725 659 779 longioris
695 722 801 766 lobis
838 719 990 770 ovatis,
1017 714 1255 758 fornicibus
1291 712 1473 755 inclusis
1512 710 1717 754 antheras
1755 709 1977 750 filainento

280 788 581 840 sublongiores
600 781 888 835 aequantibus„
906 776 1077 820 nucnlis
1101 771 1376 817 rectiusculis
1397 771 1600 824 elevatim
1620 768 1791 822 rugosis
1809 768 1977 810 minute

279 845 566 890 tuberculatis
603 850 662 889 ¹44.

328 920 425 954 Hab.
447 920 485 953 in
502 915 711 953 umbrosis.
727 915 827 949 circa
839 909 1157 954 Hierosolymam
1175 905 1325 951 (Boiss!
1346 904 1422 949 Ky.
1444 903 1532 938 446!
1552 902 1684 947 Roth),
1699 903 1741 937 in
1753 900 1984 937 Antilibano

282 968 330 1002 acl
350 965 554 1001 Rasclieva
574 956 722 1003 (Boissl
742 959 893 1002 Gaius),
913 959 1044 992 monte
1063 957 1216 990 Amano
1231 951 1408 989 (Haussk
1422 952 1462 995 2),
1480 950 1616 986 Cilicia
1635 949 1683 985 ad
1698 949 1820 984 Tauri
1835 948 1984 984 radices

282 1013 419 1057 (Auch.
441 1004 566 1055 23511,
592 1010 665 1055 Ky.
688 1008 768 1043 125!
793 1008 830 1041 et
856 1005 950 1041 Bal!
981 1003 1055 1039 sub
1074 1001 1111 1039 S.
1132 999 1413 1047 braclzycalyce
1441 1001 1478 1034 et
1497 997 1570 1044 Ky.
1596 997 1731 1043 Suppl.
1751 996 1813 1031 44!
1844 996 1919 1031 sub
1940 995 1982 1033 S.

283 1059 503 1102 Orientali).

340 1125 405 1177 βῖ)
439 1123 675 1165 (lentatum.
703 1144 756 1150 --
785 1118 904 1161 Folia
926 1119 1048 1158 acute
1075 1113 1354 1156 denticulata.

330 1200 431 1234 Hab.
449 1200 488 1234 in
512 1196 631 1232 chia
660 1204 780 1242 prope
809 1190 1026 1227 Kourmalu
1056 1189 1106 1224 ad
1140 1187 1379 1223 occidentem
1413 1185 1522 1221 urbis
1552 1184 1695 1220 Adalia
1725 1187 1762 1220 et
1780 1184 1822 1219 in
1851 1187 1988 1220 monte

283 1248 446 1292 Solyma
464 1236 622 1289 (Heldrl
640 1241 862 1289 Specimina
881 1239 1031 1282 juniora
1051 1247 1139 1282 qua·
1158 1238 1288 1270 tamen
1308 1233 1441 1279 calyce
1459 1233 1672 1268 convenire
1690 1231 1901 1276 videntur).

330 1311 609 1346 indumentum
641 1305 680 1343 S.
710 1303 920 1341 Orientalz's
949 1302 1018 1338 sed
1048 1300 1210 1336 brevius
1251 1299 1407 1345 parcius
1453 1301 1490 1334 et
1526 1297 1797 1342 subsetosum;
1838 1298 1992 1343 species

284 1358 451 1403 insignis
470 1355 671 1401 calycibus
690 1351 895 1387 fructiferis
915 1349 1108 1394 elongatis
1128 1346 1436 1399 cylindricisfiff
1455 1345 1580 1399 lineas
1596 1345 1745 1390 longis3
1764 1343 1860 1380 folia
1874 1354 1989 1390 supe-

282 1407 385 1440 riora
406 1414 482 1439 non
500 1412 637 1437 revera
655 1399 899 1435 decurrentia
921 1397 990 1433 sed
1014 1406 1148 1432 eorum
1174 1393 1342 1440 petiolus
1360 1403 1401 1428 111
1420 1393 1546 1428 0311115
1573 1392 1741 1438 angulos
1758 1391 1986 1438 productus.

347 1543 384 1580 9.
420 1537 472 1580 S.
504 1534 831 1579 Kurdicum
858 1533 1017 1587 (Boiss.
1044 1535 1083 1573 et
1103 1530 1290 1572 Haussk.
1318 1529 1420 1572 Dec.
1446 1528 1499 1579 lI,
1526 1541 1563 1582 p.
1587 1528 1635 1582 5)
1661 1527 1821 1581 pallide
1842 1527 1991 1571 virens

288 1598 395 1642 selis
428 1594 781 1638 aculeiformibus
819 1592 1019 1636 recurvis
1056 1592 1104 1633 ad
1144 1589 1309 1631 caulem
1351 1600 1494 1631 ramos
1521 1590 1563 1630 et
1589 1599 1749 1630 nervos
1788 1586 1988 1629 foliorum

288 1669 415 1710 parce
441 1655 628 1697 obsitum
651 1654 835 1707 insuper
858 1652 941 1694 snb
965 1652 1077 1693 lente
1106 1660 1234 1703 parce
1258 1646 1484 1700 birtulum‚
1516 1646 1637 1690 caule
1664 1646 1775 1689 elato
1803 1657 1991 1699 ramoso,

286 1716 399 1759 foliis
429 1712 769 1756 membranaceis
802 1707 1297 1765 repando—denticulatis
1331 1706 1689 1757 inferioribus....,
1715 1705 1992 1749 intermediis

289 1778 332 1817 et
354 1771 658 1828 superioribus
683 1771 898 1824 petiolatis
921 1766 1268 1819 ovato-oblongis
1293 1764 1609 1810 obtusiusculis
1625 1764 1717 1808 basi
1742 1764 1991 1808 rotundatis

292 1833 357 1875 vel
395 1832 590 1873 breviter
616 1830 824 1873 cuneatis.
862 1828 1045 1872 racemis
1071 1826 1306 1870 fructiferis
1335 1826 1514 1868 fuscatis
1542 1823 1753 1867 brevibus
1791 1823 1994 1866 densius-

288 1892 411 1935 culis.
427 1890 569 1943 calyce
589 1889 774 1941 strigoso
798 1888 989 1931 florifero
1007 1887 1059 1929 ad
1079 1886 1272 1928 medium
1295 1883 1580 1940 quinquetido
1606 1883 1832 1926 fructifero
1847 1887 1992 1926 erecto

289 1950 492 2004 ampliato
531 1950 698 1990 accreto
733 1946 1239 1999 oblongo-campanulato
1271 1945 1324 1986 ad
1350 1943 1527 1987 tertiam
1565 1946 1732 1996 partem
1766 1942 1811 1984 in
1838 1942 1992 1985 dentes

290 2011 372 2052 late
400 2007 692 2060 triangulares
715 2007 892 2049 obtusos
920 2006 1036 2055 fisso,
1062 2005 1222 2048 corolla
1250 2003 1345 2046 alba
1369 2001 1993 2047 tubuloso-infundibuliformi

291 2069 433 2121 calyce
458 2066 591 2120 duplo
615 2066 795 2119 longiori
813 2066 922 2108 lobis
936 2065 1130 2107 breviter
1154 2061 1768 2107 0113115.10111101111151110111515
1786 2060 1994 2118 antheras

291 2125 522 2168 filainentis
551 2124 777 2167 breviores
807 2124 877 2166 vix
901 2124 1191 2178 aequantibus,
1220 2123 1405 2165 nucibus
1439 2134 1572 2175 supra
1599 2120 1811 2163 annulum
1839 2120 1995 2162 basila-

292 2198 384 2227 rem
425 2184 550 2226 valde
588 2183 778 2237 obliquis
811 2183 1240 2227 subhorizontalibus
1287 2181 1498 2234 elongatis
1543 2179 1736 2223 tenuiter
1782 2179 2000 2222 areolato-

291 2243 465 2297 rugosis
490 2243 656 2285 minute
681 2243 968 2285 tuberculatis
1003 2249 1061 2289 26,

339 2317 439 2352 Hab.
461 2317 500 2352 in
521 2302 775 2351 l<urdistania
789 2315 932 2351 Persiae
947 2315 1189 2351 contermina
1202 2315 1302 2350 inter
1315 2312 1565 2349 Sulimanieh
1579 2315 1616 2348 et
1629 2312 1753 2348 Sikna
1771 2311 1950 2356 (Haussk
1963 2312 2000 2354 l).

338 2380 397 2415 Ex
416 2379 531 2415 unico
555 2378 769 2425 specimine
794 2378 991 2414 fructifero
1015 2377 1121 2413 foliis
1146 2377 1388 2413 radicalibus
1409 2377 1547 2412 orbato
1566 2375 1803 2422 descriptum
1823 2375 1892 2410 sed
1915 2375 1991 2410 dis—

293 2427 584 2466 tint-tissimum,
605 2426 726 2461 caulis
745 2426 872 2462 elatus
895 2425 1063 2469 videtur,
1089 2425 1185 2461 folia
1209 2425 1327 2461 etiam
1350 2425 1553 2472 superiora
1570 2423 1595 2459 3
1612 2422 1706 2470 poll.
1726 2422 1857 2468 longa,
1876 2422 1995 2468 calyx

292 2474 464 2510 fructifer
488 2477 530 2509 ut
547 2475 585 2509 in
605 2473 643 2510 S.
660 2473 864 2510 Pale-stine
886 2473 1092 2518 elongatus
1117 2472 1275 2519 amplus
1293 2472 1316 2508 6
1333 2472 1459 2508 lineas
1478 2472 1633 2517 longus⁷
1653 2476 1807 2506 nucuize
1827 2470 1849 2505 2
1866 2470 1993 2505 lineas

292 2522 421 2567 longze
443 2532 563 2568 supra
581 2520 695 2556 basin
714 2520 1007 2556 horizontaliter
1025 2522 1211 2556 curvatae.

360 2657 421 2695 lo.
457 2652 510 2695 S.
538 2652 873 2707 sepulcrale
900 2652 1062 2707 (Boiss.
1086 2655 1127 2693 et
1150 2651 1239 2694 Bal.
1267 2651 1311 2693 in
1337 2650 1425 2693 Bal.
1452 2651 1509 2705 pl.
1533 2650 1656 2692 Pont.
1685 2648 1816 2703 1866)
1843 2648 2000 2700 viride,

295 2714 494 2756 caulibus
524 2713 649 2754 elatis
686 2711 862 2754 sulcatis
891 2712 1123 2753 ramulosis
1156 2711 1350 2753 breviter
1378 2709 1613 2764 asperuHs,
1640 2708 1822 2751 racemis
1851 2709 2001 2750 termi-

297 2772 467 2815 nalibus
495 2771 704 2814 brevibus
730 2770 1022 2814 densiusculis
1044 2770 1203 2814 bifidis.
1227 2769 1341 2812 foliis
1367 2769 1710 2812 membranaceis
1736 2768 1892 2810 subtus
1913 2767 2000 2809 bir-

295 2832 410 2875 tellis
437 2839 628 2884 superne
651 2830 893 2873 tuberculis
917 2830 1085 2883 sparsis
1108 2829 1282 2872 muticis
1309 2830 1376 2871 vel
1402 2830 1596 2874 breviter
1623 2827 1823 2881 setigeris
1848 2826 2000 2869 obsitis

296 2891 452 2942 amplis
477 2889 822 2942 ovato-oblongis
854 2889 990 2931 acutis
1014 2890 1083 2930 vel
1108 2889 1365 2931 acuminatis
1392 2888 1487 2930 basi
1522 2886 1768 2930 rotundatis
1794 2886 1860 2929 vel
1897 2886 2002 2928 sub-

297 2950 484 2991 cordalis
511 2949 790 2990 inferioribus
818 2948 1011 2990 breviter
1036 2948 1251 3001 petiolatis
1274 2947 1581 3002 superioribus
1607 2945 1854 2996 sessilibus‚
1883 2957 2002 2987 sum-

298 3009 380 3051 mis
404 3009 563 3062 saepius
588 3008 797 3062 oppositis
823 3019 1018 3050 racemos
1044 3007 1420 3061 subaeqiiantibiis‚
1443 3007 1587 3061 calyce
1611 3006 1724 3049 ultra
1746 3004 2001 3047 medium‘in
