<?xml version="1.0" encoding="UTF-8"?>
<!DOCTYPE html PUBLIC "-//W3C//DTD XHTML 1.0 Transitional//EN"
    "http://www.w3.org/TR/xhtml1/DTD/xhtml1-transitional.dtd">
<html xmlns="http://www.w3.org/1999/xhtml" xml:lang="en" lang="en">
 <head>
  <title>
</title>
<meta http-equiv="Content-Type" content="text/html;charset=utf-8" />
  <meta name='ocr-system' content='tesseract 3.04.00' />
  <meta name='ocr-capabilities' content='ocr_page ocr_carea ocr_par ocr_line ocrx_word'/>
</head>
<body>
  <div class='ocr_page' id='page_1' title='image "./floraorientaliss04bois/floraorientaliss04bois_0192.png"; bbox 0 0 2100 3262; ppageno 0'>
   <div class='ocr_carea' id='block_1_1' title="bbox 293 256 1997 310">
    <p class='ocr_par' dir='ltr' id='par_1_1' title="bbox 293 256 1997 310">
     <span class='ocr_line' id='line_1_1' title="bbox 293 256 1997 310; baseline -0.003 -11"><span class='ocrx_word' id='word_1_1' title='bbox 293 274 365 310; x_wconf 71' lang='lat'>184</span> <span class='ocrx_word' id='word_1_2' title='bbox 1004 268 1287 297; x_wconf 78' lang='lat' dir='ltr'>BORRAGINEAE.</span> <span class='ocrx_word' id='word_1_3' title='bbox 1801 256 1977 295; x_wconf 82' lang='lat' dir='ltr'>Onosma</span> <span class='ocrx_word' id='word_1_4' title='bbox 1986 287 1997 294; x_wconf 93' lang='lat'>.</span> 
     </span>
    </p>
   </div>
   <div class='ocr_carea' id='block_1_2' title="bbox 336 337 1996 396">
    <p class='ocr_par' dir='ltr' id='par_1_2' title="bbox 336 337 1996 396">
     <span class='ocr_line' id='line_1_2' title="bbox 336 337 1996 396; baseline -0.009 -7"><span class='ocrx_word' id='word_1_5' title='bbox 336 353 435 389; x_wconf 85' lang='lat' dir='ltr'>Hah.</span> <span class='ocrx_word' id='word_1_6' title='bbox 455 352 494 387; x_wconf 91' lang='lat' dir='ltr'>in</span> <span class='ocrx_word' id='word_1_7' title='bbox 515 361 559 386; x_wconf 89' lang='lat' dir='ltr'>ru</span> <span class='ocrx_word' id='word_1_8' title='bbox 568 347 762 396; x_wconf 79' lang='lat' dir='ltr'>pestribus</span> <span class='ocrx_word' id='word_1_9' title='bbox 781 344 922 392; x_wconf 78' lang='lat' dir='ltr'>apricis</span> <span class='ocrx_word' id='word_1_10' title='bbox 939 342 1083 379; x_wconf 81' lang='lat' dir='ltr'>Persiae</span> <span class='ocrx_word' id='word_1_11' title='bbox 1103 340 1274 377; x_wconf 81' lang='lat' dir='ltr'>borealis</span> <span class='ocrx_word' id='word_1_12' title='bbox 1293 348 1414 386; x_wconf 87' lang='lat' dir='ltr'>prope</span> <span class='ocrx_word' id='word_1_13' title='bbox 1432 337 1637 374; x_wconf 78' lang='lat' dir='ltr'>Schahrud</span> <span class='ocrx_word' id='word_1_14' title='bbox 1656 337 1758 384; x_wconf 82' lang='lat' dir='ltr'>(Bge</span> <span class='ocrx_word' id='word_1_15' title='bbox 1772 338 1809 383; x_wconf 90' lang='grc'>1).</span> <span class='ocrx_word' id='word_1_16' title='bbox 1827 338 1883 373; x_wconf 88' lang='lat' dir='ltr'>Fl.</span> <span class='ocrx_word' id='word_1_17' title='bbox 1904 338 1996 375; x_wconf 86' lang='lat' dir='ltr'>Jun.</span> 
     </span>
    </p>
   </div>
   <div class='ocr_carea' id='block_1_3' title="bbox 293 401 1998 503">
    <p class='ocr_par' dir='ltr' id='par_1_3' title="bbox 293 401 1998 503">
     <span class='ocr_line' id='line_1_3' title="bbox 336 401 1998 462; baseline -0.008 -10"><span class='ocrx_word' id='word_1_18' title='bbox 336 414 597 462; x_wconf 76' lang='lat' dir='ltr'>Semipedale,</span> <span class='ocrx_word' id='word_1_19' title='bbox 619 413 734 447; x_wconf 80' lang='lat' dir='ltr'>facies</span> <span class='ocrx_word' id='word_1_20' title='bbox 755 412 789 446; x_wconf 86' lang='lat' dir='ltr'>et</span> <span class='ocrx_word' id='word_1_21' title='bbox 807 409 1082 460; x_wconf 74' lang='lat' dir='ltr'>indumentum</span> <span class='ocrx_word' id='word_1_22' title='bbox 1101 403 1501 457; x_wconf 75' lang='lat' dir='ltr'>albo—pilosissimum</span> <span class='ocrx_word' id='word_1_23' title='bbox 1522 402 1566 457; x_wconf 76' lang='lat' dir='ltr'>O:</span> <span class='ocrx_word' id='word_1_24' title='bbox 1584 401 1844 449; x_wconf 74' lang='lat' dir='ltr'>stenosz‘plzon.</span> <span class='ocrx_word' id='word_1_25' title='bbox 1871 402 1998 462; x_wconf 55' lang='lat' dir='ltr'>Calyif</span> 
     </span>
     <span class='ocr_line' id='line_1_4' title="bbox 293 451 1997 503; baseline -0.008 -3"><span class='ocrx_word' id='word_1_26' title='bbox 293 463 468 500; x_wconf 81' lang='lat' dir='ltr'>fructifer</span> <span class='ocrx_word' id='word_1_27' title='bbox 485 463 505 496; x_wconf 88' lang='lat'><strong>7</strong></span> <span class='ocrx_word' id='word_1_28' title='bbox 525 461 648 496; x_wconf 88' lang='lat' dir='ltr'>lineas</span> <span class='ocrx_word' id='word_1_29' title='bbox 669 459 823 503; x_wconf 75' lang='lat' dir='ltr'>longus,</span> <span class='ocrx_word' id='word_1_30' title='bbox 846 454 993 492; x_wconf 87' lang='lat' dir='ltr'>corolla</span> <span class='ocrx_word' id='word_1_31' title='bbox 1017 454 1040 489; x_wconf 85' lang='lat'>5</span> <span class='ocrx_word' id='word_1_32' title='bbox 1056 454 1181 488; x_wconf 80' lang='lat' dir='ltr'>lineas</span> <span class='ocrx_word' id='word_1_33' title='bbox 1210 452 1340 498; x_wconf 86' lang='lat' dir='ltr'>longa.</span> <span class='ocrx_word' id='word_1_34' title='bbox 1370 451 1524 498; x_wconf 77' lang='lat' dir='ltr'>Spemes</span> <span class='ocrx_word' id='word_1_35' title='bbox 1557 452 1658 485; x_wconf 79' lang='lat' dir='ltr'>mter</span> <span class='ocrx_word' id='word_1_36' title='bbox 1688 460 1824 486; x_wconf 86' lang='lat' dir='ltr'>omnes</span> <span class='ocrx_word' id='word_1_37' title='bbox 1851 451 1997 487; x_wconf 85' lang='lat' dir='ltr'>corolla</span> 
     </span>
    </p>
   </div>
   <div class='ocr_carea' id='block_1_4' title="bbox 289 504 844 557">
    <p class='ocr_par' dir='ltr' id='par_1_4' title="bbox 289 504 844 557">
     <span class='ocr_line' id='line_1_5' title="bbox 289 504 844 557; baseline -0.016 -10"><span class='ocrx_word' id='word_1_38' title='bbox 289 523 314 557; x_wconf 88' lang='lat' dir='ltr'>p</span> <span class='ocrx_word' id='word_1_39' title='bbox 327 510 488 546; x_wconf 78' lang='lat' dir='ltr'>rosunde</span> <span class='ocrx_word' id='word_1_40' title='bbox 505 508 647 555; x_wconf 76' lang='lat' dir='ltr'>partita</span> <span class='ocrx_word' id='word_1_41' title='bbox 667 504 844 550; x_wconf 84' lang='lat' dir='ltr'>insignis.</span> 
     </span>
    </p>
   </div>
   <div class='ocr_carea' id='block_1_5' title="bbox 290 613 2003 1662">
    <p class='ocr_par' dir='ltr' id='par_1_5' title="bbox 290 613 2003 1325">
     <span class='ocr_line' id='line_1_6' title="bbox 347 613 1994 676; baseline -0.007 -8"><span class='ocrx_word' id='word_1_42' title='bbox 347 627 386 668; x_wconf 87' lang='lat'>9.</span> <span class='ocrx_word' id='word_1_43' title='bbox 423 623 482 666; x_wconf 92' lang='grc' dir='ltr'>Ο.</span> <span class='ocrx_word' id='word_1_44' title='bbox 512 620 859 676; x_wconf 82' lang='lat' dir='ltr'>Aleppicum</span> <span class='ocrx_word' id='word_1_45' title='bbox 882 617 1041 672; x_wconf 84' lang='lat' dir='ltr'>(Boiss.</span> <span class='ocrx_word' id='word_1_46' title='bbox 1070 615 1224 669; x_wconf 87' lang='lat' dir='ltr'>Diagn.</span> <span class='ocrx_word' id='word_1_47' title='bbox 1251 613 1344 656; x_wconf 86' lang='lat' dir='ltr'>Ser.</span> <span class='ocrx_word' id='word_1_48' title='bbox 1374 613 1402 663; x_wconf 81' lang='grc'>1,</span> <span class='ocrx_word' id='word_1_49' title='bbox 1430 614 1497 662; x_wconf 78' lang='grc'>11,</span> <span class='ocrx_word' id='word_1_50' title='bbox 1523 626 1565 667; x_wconf 92' lang='lat' dir='ltr'>p.</span> <span class='ocrx_word' id='word_1_51' title='bbox 1600 613 1700 665; x_wconf 78' lang='grc'>107)</span> <span class='ocrx_word' id='word_1_52' title='bbox 1726 616 1861 655; x_wconf 85' lang='lat' dir='ltr'>totum</span> <span class='ocrx_word' id='word_1_53' title='bbox 1886 614 1994 656; x_wconf 82' lang='grc'>50115</span> 
     </span>
     <span class='ocr_line' id='line_1_7' title="bbox 290 673 1999 735; baseline -0.007 -7"><span class='ocrx_word' id='word_1_54' title='bbox 290 686 397 727; x_wconf 88' lang='lat' dir='ltr'>albis</span> <span class='ocrx_word' id='word_1_55' title='bbox 436 683 574 735; x_wconf 79' lang='lat' dir='ltr'>l&#39;ongis</span> <span class='ocrx_word' id='word_1_56' title='bbox 610 679 770 734; x_wconf 82' lang='lat' dir='ltr'>patulis</span> <span class='ocrx_word' id='word_1_57' title='bbox 799 691 821 720; x_wconf 93' lang='lat' dir='ltr'>e</span> <span class='ocrx_word' id='word_1_58' title='bbox 846 675 1074 720; x_wconf 80' lang='lat' dir='ltr'>tuberculo</span> <span class='ocrx_word' id='word_1_59' title='bbox 1112 674 1262 727; x_wconf 88' lang='lat' dir='ltr'>glabro</span> <span class='ocrx_word' id='word_1_60' title='bbox 1300 673 1407 716; x_wconf 83' lang='lat' dir='ltr'>ortis</span> <span class='ocrx_word' id='word_1_61' title='bbox 1449 673 1684 725; x_wconf 78' lang='lat' dir='ltr'>strigosum</span> <span class='ocrx_word' id='word_1_62' title='bbox 1727 673 1840 713; x_wconf 87' lang='lat' dir='ltr'>inter</span> <span class='ocrx_word' id='word_1_63' title='bbox 1876 677 1999 716; x_wconf 78' lang='lat' dir='ltr'>setas-</span> 
     </span>
     <span class='ocr_line' id='line_1_8' title="bbox 292 731 1995 799; baseline -0.006 -14"><span class='ocrx_word' id='word_1_64' title='bbox 292 744 436 799; x_wconf 84' lang='lat' dir='ltr'>patule</span> <span class='ocrx_word' id='word_1_65' title='bbox 472 739 735 795; x_wconf 75' lang='lat' dir='ltr'>puberulum</span> <span class='ocrx_word' id='word_1_66' title='bbox 774 737 1062 787; x_wconf 82' lang='lat' dir='ltr'>cinerasceus,</span> <span class='ocrx_word' id='word_1_67' title='bbox 1095 733 1294 775; x_wconf 90' lang='lat' dir='ltr'>caulibus</span> <span class='ocrx_word' id='word_1_68' title='bbox 1321 732 1478 774; x_wconf 80' lang='lat' dir='ltr'>erectis</span> <span class='ocrx_word' id='word_1_69' title='bbox 1514 732 1675 774; x_wconf 87' lang='lat' dir='ltr'>crassis</span> <span class='ocrx_word' id='word_1_70' title='bbox 1708 744 1729 772; x_wconf 91' lang='lat' dir='ltr'>a</span> <span class='ocrx_word' id='word_1_71' title='bbox 1753 731 1843 772; x_wconf 89' lang='lat' dir='ltr'>basi</span> <span class='ocrx_word' id='word_1_72' title='bbox 1880 732 1995 774; x_wconf 80' lang='lat' dir='ltr'>vela</span> 
     </span>
     <span class='ocr_line' id='line_1_9' title="bbox 291 790 1994 848; baseline -0.007 -3"><span class='ocrx_word' id='word_1_73' title='bbox 291 803 432 845; x_wconf 85' lang='lat' dir='ltr'>medio</span> <span class='ocrx_word' id='word_1_74' title='bbox 461 801 608 843; x_wconf 86' lang='lat' dir='ltr'>stricte</span> <span class='ocrx_word' id='word_1_75' title='bbox 638 796 819 839; x_wconf 86' lang='lat' dir='ltr'>ramosis</span> <span class='ocrx_word' id='word_1_76' title='bbox 847 793 1120 848; x_wconf 82' lang='lat' dir='ltr'>paniculatis,</span> <span class='ocrx_word' id='word_1_77' title='bbox 1148 792 1262 834; x_wconf 90' lang='lat' dir='ltr'>foliis</span> <span class='ocrx_word' id='word_1_78' title='bbox 1290 791 1741 843; x_wconf 83' lang='lat' dir='ltr'>oblongo-linearibus</span> <span class='ocrx_word' id='word_1_79' title='bbox 1777 790 1994 833; x_wconf 84' lang='lat' dir='ltr'>inferiori-</span> 
     </span>
     <span class='ocr_line' id='line_1_10' title="bbox 291 850 1994 908; baseline -0.006 -4"><span class='ocrx_word' id='word_1_80' title='bbox 291 862 372 904; x_wconf 90' lang='lat' dir='ltr'>bus</span> <span class='ocrx_word' id='word_1_81' title='bbox 401 860 568 903; x_wconf 86' lang='lat' dir='ltr'>obtusis</span> <span class='ocrx_word' id='word_1_82' title='bbox 605 855 814 908; x_wconf 82' lang='lat' dir='ltr'>elongatis</span> <span class='ocrx_word' id='word_1_83' title='bbox 849 854 940 896; x_wconf 90' lang='lat' dir='ltr'>basi</span> <span class='ocrx_word' id='word_1_84' title='bbox 969 852 1219 902; x_wconf 84' lang='lat' dir='ltr'>attenuatis,</span> <span class='ocrx_word' id='word_1_85' title='bbox 1248 850 1476 893; x_wconf 89' lang='lat' dir='ltr'>floralibus</span> <span class='ocrx_word' id='word_1_86' title='bbox 1511 853 1554 891; x_wconf 83' lang='lat' dir='ltr'>et</span> <span class='ocrx_word' id='word_1_87' title='bbox 1590 850 1778 893; x_wconf 77' lang='lat' dir='ltr'>bracteis</span> <span class='ocrx_word' id='word_1_88' title='bbox 1811 853 1994 904; x_wconf 77' lang='lat' dir='ltr'>anguste</span> 
     </span>
     <span class='ocr_line' id='line_1_11' title="bbox 291 909 1995 965; baseline -0.006 -3"><span class='ocrx_word' id='word_1_89' title='bbox 291 916 715 963; x_wconf 82' lang='lat' dir='ltr'>lineari-lanceolalis</span> <span class='ocrx_word' id='word_1_90' title='bbox 735 914 886 965; x_wconf 77' lang='lat' dir='ltr'>acutis,</span> <span class='ocrx_word' id='word_1_91' title='bbox 904 912 1087 955; x_wconf 82' lang='lat' dir='ltr'>racemis</span> <span class='ocrx_word' id='word_1_92' title='bbox 1106 910 1356 964; x_wconf 85' lang='lat' dir='ltr'>paucissoris</span> <span class='ocrx_word' id='word_1_93' title='bbox 1375 910 1552 953; x_wconf 76' lang='lat' dir='ltr'>cernuis</span> <span class='ocrx_word' id='word_1_94' title='bbox 1575 909 1813 951; x_wconf 74' lang='lat' dir='ltr'>fructiferis</span> <span class='ocrx_word' id='word_1_95' title='bbox 1832 909 1995 952; x_wconf 84' lang='lat' dir='ltr'>laxius-</span> 
     </span>
     <span class='ocr_line' id='line_1_12' title="bbox 291 968 1996 1029; baseline -0.006 -8"><span class='ocrx_word' id='word_1_96' title='bbox 291 979 414 1021; x_wconf 86' lang='lat' dir='ltr'>culis.</span> <span class='ocrx_word' id='word_1_97' title='bbox 443 977 599 1029; x_wconf 85' lang='lat' dir='ltr'>calycis</span> <span class='ocrx_word' id='word_1_98' title='bbox 630 973 752 1016; x_wconf 87' lang='lat' dir='ltr'>valde</span> <span class='ocrx_word' id='word_1_99' title='bbox 780 972 912 1015; x_wconf 86' lang='lat' dir='ltr'>setosi</span> <span class='ocrx_word' id='word_1_100' title='bbox 934 970 1145 1013; x_wconf 81' lang='lat' dir='ltr'>fructiferi</span> <span class='ocrx_word' id='word_1_101' title='bbox 1172 969 1359 1022; x_wconf 85' lang='lat' dir='ltr'>elongati</span> <span class='ocrx_word' id='word_1_102' title='bbox 1385 969 1549 1011; x_wconf 87' lang='lat' dir='ltr'>laciniis</span> <span class='ocrx_word' id='word_1_103' title='bbox 1568 968 1807 1011; x_wconf 81' lang='lat' dir='ltr'>laxiuscule</span> <span class='ocrx_word' id='word_1_104' title='bbox 1827 968 1996 1011; x_wconf 89' lang='lat' dir='ltr'>lanceo-</span> 
     </span>
     <span class='ocr_line' id='line_1_13' title="bbox 291 1028 2003 1085; baseline -0.006 -6"><span class='ocrx_word' id='word_1_105' title='bbox 291 1034 651 1085; x_wconf 72' lang='lat' dir='ltr'>lam-linearibus,</span> <span class='ocrx_word' id='word_1_106' title='bbox 688 1031 859 1075; x_wconf 72' lang='lat' dir='ltr'>corollae</span> <span class='ocrx_word' id='word_1_107' title='bbox 895 1030 1049 1072; x_wconf 80' lang='lat' dir='ltr'>albidae</span> <span class='ocrx_word' id='word_1_108' title='bbox 1075 1029 1237 1083; x_wconf 84' lang='lat' dir='ltr'>glabrae</span> <span class='ocrx_word' id='word_1_109' title='bbox 1271 1028 1415 1082; x_wconf 80' lang='lat' dir='ltr'>calyce</span> <span class='ocrx_word' id='word_1_110' title='bbox 1451 1029 1608 1081; x_wconf 78' lang='lat' dir='ltr'>quarta</span> <span class='ocrx_word' id='word_1_111' title='bbox 1634 1031 1758 1082; x_wconf 83' lang='lat' dir='ltr'>parte</span> <span class='ocrx_word' id='word_1_112' title='bbox 1783 1028 2003 1081; x_wconf 78' lang='lat' dir='ltr'>longioris</span> 
     </span>
     <span class='ocr_line' id='line_1_14' title="bbox 291 1087 2000 1142; baseline -0.005 -5"><span class='ocrx_word' id='word_1_113' title='bbox 291 1094 814 1142; x_wconf 73' lang='lat' dir='ltr'>cylindrico-subclavatae</span> <span class='ocrx_word' id='word_1_114' title='bbox 838 1090 945 1132; x_wconf 89' lang='lat' dir='ltr'>lobis</span> <span class='ocrx_word' id='word_1_115' title='bbox 972 1088 1070 1131; x_wconf 85' lang='lat' dir='ltr'>latis</span> <span class='ocrx_word' id='word_1_116' title='bbox 1095 1087 1374 1139; x_wconf 83' lang='lat' dir='ltr'>brevissimis</span> <span class='ocrx_word' id='word_1_117' title='bbox 1399 1087 1583 1137; x_wconf 74' lang='grc'>0010515,</span> <span class='ocrx_word' id='word_1_118' title='bbox 1611 1088 1803 1130; x_wconf 75' lang='lat' dir='ltr'>nectario</span> <span class='ocrx_word' id='word_1_119' title='bbox 1838 1087 2000 1139; x_wconf 75' lang='lat' dir='ltr'>ciliatc⁷</span> 
     </span>
     <span class='ocr_line' id='line_1_15' title="bbox 292 1141 1995 1205; baseline -0.005 -9"><span class='ocrx_word' id='word_1_120' title='bbox 292 1141 485 1196; x_wconf 74' lang='lat' dir='ltr'>antlieris</span> <span class='ocrx_word' id='word_1_121' title='bbox 520 1152 639 1205; x_wconf 86' lang='lat' dir='ltr'>apice</span> <span class='ocrx_word' id='word_1_122' title='bbox 679 1149 952 1193; x_wconf 82' lang='lat' dir='ltr'>subexsertis</span> <span class='ocrx_word' id='word_1_123' title='bbox 982 1147 1201 1191; x_wconf 73' lang='lat' dir='ltr'>filamento</span> <span class='ocrx_word' id='word_1_124' title='bbox 1238 1147 1595 1201; x_wconf 80' lang='lat' dir='ltr'>subaequilongis‚</span> <span class='ocrx_word' id='word_1_125' title='bbox 1628 1147 1801 1189; x_wconf 89' lang='lat' dir='ltr'>nuculis</span> <span class='ocrx_word' id='word_1_126' title='bbox 1826 1147 1995 1200; x_wconf 87' lang='lat' dir='ltr'>magnis</span> 
     </span>
     <span class='ocr_line' id='line_1_16' title="bbox 292 1205 1994 1267; baseline -0.004 -13"><span class='ocrx_word' id='word_1_127' title='bbox 292 1212 519 1267; x_wconf 75' lang='lat' dir='ltr'>triquetris</span> <span class='ocrx_word' id='word_1_128' title='bbox 550 1210 754 1253; x_wconf 76' lang='lat' dir='ltr'>carinatis</span> <span class='ocrx_word' id='word_1_129' title='bbox 780 1209 918 1250; x_wconf 79' lang='lat' dir='ltr'>acutis</span> <span class='ocrx_word' id='word_1_130' title='bbox 945 1219 1097 1260; x_wconf 87' lang='lat' dir='ltr'>grosse</span> <span class='ocrx_word' id='word_1_131' title='bbox 1124 1206 1412 1250; x_wconf 84' lang='lat' dir='ltr'>tuberculatis</span> <span class='ocrx_word' id='word_1_132' title='bbox 1436 1205 1506 1261; x_wconf 58' lang='lat' dir='ltr'>(D.</span> <span class='ocrx_word' id='word_1_133' title='bbox 1552 1205 1598 1249; x_wconf 90' lang='grc' dir='ltr'>Ο.</span> <span class='ocrx_word' id='word_1_134' title='bbox 1626 1205 1879 1248; x_wconf 68' lang='lat' dir='ltr'>cclzinatum</span> <span class='ocrx_word' id='word_1_135' title='bbox 1904 1218 1994 1248; x_wconf 65' lang='lat' dir='ltr'>nc.</span> 
     </span>
     <span class='ocr_line' id='line_1_17' title="bbox 292 1265 1008 1325; baseline -0.01 -11"><span class='ocrx_word' id='word_1_136' title='bbox 292 1271 445 1313; x_wconf 88' lang='lat' dir='ltr'>Prod1·.</span> <span class='ocrx_word' id='word_1_137' title='bbox 474 1269 634 1325; x_wconf 81' lang='lat' dir='ltr'>(quoad</span> <span class='ocrx_word' id='word_1_138' title='bbox 666 1270 720 1323; x_wconf 92' lang='lat' dir='ltr'>pl.</span> <span class='ocrx_word' id='word_1_139' title='bbox 752 1265 1008 1321; x_wconf 79' lang='lat' dir='ltr'>Syriacam).</span> 
     </span>
    </p>

    <p class='ocr_par' dir='ltr' id='par_1_6' title="bbox 293 1337 2002 1528">
     <span class='ocr_line' id='line_1_18' title="bbox 344 1337 1994 1386; baseline -0.003 -7"><span class='ocrx_word' id='word_1_140' title='bbox 344 1343 441 1379; x_wconf 90' lang='lat' dir='ltr'>Hab.</span> <span class='ocrx_word' id='word_1_141' title='bbox 461 1343 502 1378; x_wconf 92' lang='lat' dir='ltr'>in</span> <span class='ocrx_word' id='word_1_142' title='bbox 521 1343 689 1378; x_wconf 86' lang='lat' dir='ltr'>collibus</span> <span class='ocrx_word' id='word_1_143' title='bbox 709 1341 829 1377; x_wconf 86' lang='lat' dir='ltr'>aridis</span> <span class='ocrx_word' id='word_1_144' title='bbox 855 1340 978 1385; x_wconf 79' lang='lat' dir='ltr'>Syriae</span> <span class='ocrx_word' id='word_1_145' title='bbox 1011 1338 1060 1374; x_wconf 85' lang='lat' dir='ltr'>ad</span> <span class='ocrx_word' id='word_1_146' title='bbox 1088 1338 1241 1386; x_wconf 87' lang='lat' dir='ltr'>Aleppo</span> <span class='ocrx_word' id='word_1_147' title='bbox 1267 1339 1358 1385; x_wconf 85' lang='lat' dir='ltr'>(Ky.</span> <span class='ocrx_word' id='word_1_148' title='bbox 1378 1339 1467 1375; x_wconf 84' lang='grc'>1651</span> <span class='ocrx_word' id='word_1_149' title='bbox 1493 1340 1568 1375; x_wconf 89' lang='grc'>501)</span> <span class='ocrx_word' id='word_1_150' title='bbox 1598 1338 1638 1376; x_wconf 86' lang='lat' dir='ltr'>O.</span> <span class='ocrx_word' id='word_1_151' title='bbox 1662 1337 1843 1384; x_wconf 79' lang='lat' dir='ltr'>echz&#39;oide‚</span> <span class='ocrx_word' id='word_1_152' title='bbox 1870 1339 1994 1375; x_wconf 85' lang='lat' dir='ltr'>Auch.</span> 
     </span>
     <span class='ocr_line' id='line_1_19' title="bbox 294 1386 2002 1435; baseline -0.003 -9"><span class='ocrx_word' id='word_1_153' title='bbox 294 1391 433 1435; x_wconf 78' lang='lat' dir='ltr'>1732l)‚</span> <span class='ocrx_word' id='word_1_154' title='bbox 462 1391 501 1426; x_wconf 89' lang='lat' dir='ltr'>in</span> <span class='ocrx_word' id='word_1_155' title='bbox 521 1390 719 1426; x_wconf 78' lang='lat' dir='ltr'>Palestina</span> <span class='ocrx_word' id='word_1_156' title='bbox 751 1390 850 1424; x_wconf 84' lang='lat' dir='ltr'>inter</span> <span class='ocrx_word' id='word_1_157' title='bbox 872 1386 1193 1432; x_wconf 82' lang='lat' dir='ltr'>Hierosolymam</span> <span class='ocrx_word' id='word_1_158' title='bbox 1213 1390 1250 1422; x_wconf 89' lang='lat' dir='ltr'>et</span> <span class='ocrx_word' id='word_1_159' title='bbox 1275 1387 1430 1423; x_wconf 85' lang='lat' dir='ltr'>Jericho</span> <span class='ocrx_word' id='word_1_160' title='bbox 1454 1387 1634 1432; x_wconf 67' lang='lat' dir='ltr'>(Boissl),</span> <span class='ocrx_word' id='word_1_161' title='bbox 1654 1387 1693 1422; x_wconf 88' lang='lat' dir='ltr'>in</span> <span class='ocrx_word' id='word_1_162' title='bbox 1714 1387 1876 1423; x_wconf 84' lang='lat' dir='ltr'>desertis</span> <span class='ocrx_word' id='word_1_163' title='bbox 1895 1387 2002 1422; x_wconf 86' lang='lat' dir='ltr'>inter</span> 
     </span>
     <span class='ocr_line' id='line_1_20' title="bbox 293 1433 2002 1481; baseline -0.003 -7"><span class='ocrx_word' id='word_1_164' title='bbox 293 1438 534 1474; x_wconf 81' lang='lat' dir='ltr'>Damascum</span> <span class='ocrx_word' id='word_1_165' title='bbox 567 1439 604 1472; x_wconf 82' lang='lat' dir='ltr'>et</span> <span class='ocrx_word' id='word_1_166' title='bbox 634 1436 892 1472; x_wconf 83' lang='lat' dir='ltr'>Antilibanon</span> <span class='ocrx_word' id='word_1_167' title='bbox 922 1434 1100 1479; x_wconf 86' lang='lat' dir='ltr'>(Boiss!)‚</span> <span class='ocrx_word' id='word_1_168' title='bbox 1133 1434 1174 1469; x_wconf 92' lang='lat' dir='ltr'>in</span> <span class='ocrx_word' id='word_1_169' title='bbox 1203 1434 1492 1481; x_wconf 73' lang='lat' dir='ltr'>Mesopotamia</span> <span class='ocrx_word' id='word_1_170' title='bbox 1521 1434 1572 1470; x_wconf 87' lang='lat' dir='ltr'>ad</span> <span class='ocrx_word' id='word_1_171' title='bbox 1605 1435 1764 1479; x_wconf 86' lang='lat' dir='ltr'>Aintab,</span> <span class='ocrx_word' id='word_1_172' title='bbox 1796 1434 1874 1479; x_wconf 82' lang='lat' dir='ltr'>Bir,</span> <span class='ocrx_word' id='word_1_173' title='bbox 1894 1433 2002 1479; x_wconf 74' lang='lat' dir='ltr'>Orsa,</span> 
     </span>
     <span class='ocr_line' id='line_1_21' title="bbox 293 1482 916 1528; baseline -0.008 -7"><span class='ocrx_word' id='word_1_174' title='bbox 293 1485 489 1521; x_wconf 85' lang='lat' dir='ltr'>desertum</span> <span class='ocrx_word' id='word_1_175' title='bbox 509 1484 670 1520; x_wconf 84' lang='lat' dir='ltr'>Chabur</span> <span class='ocrx_word' id='word_1_176' title='bbox 690 1482 869 1528; x_wconf 88' lang='lat' dir='ltr'>(Haussk</span> <span class='ocrx_word' id='word_1_177' title='bbox 879 1484 916 1527; x_wconf 90' lang='grc'>1).</span> 
     </span>
    </p>

    <p class='ocr_par' dir='ltr' id='par_1_7' title="bbox 291 1546 1998 1662">
     <span class='ocr_line' id='line_1_22' title="bbox 351 1546 1998 1604; baseline -0.001 -15"><span class='ocrx_word' id='word_1_178' title='bbox 351 1549 395 1604; x_wconf 78' lang='grc' dir='ltr'>β.</span> <span class='ocrx_word' id='word_1_179' title='bbox 429 1548 804 1591; x_wconf 67' lang='lat' dir='ltr'>xanthotrichum.</span> <span class='ocrx_word' id='word_1_180' title='bbox 831 1573 892 1583; x_wconf 92' lang='lat'>--</span> <span class='ocrx_word' id='word_1_181' title='bbox 931 1547 1043 1590; x_wconf 78' lang='lat' dir='ltr'>Setae</span> <span class='ocrx_word' id='word_1_182' title='bbox 1079 1547 1250 1590; x_wconf 83' lang='lat' dir='ltr'>ssavidae</span> <span class='ocrx_word' id='word_1_183' title='bbox 1290 1547 1531 1590; x_wconf 86' lang='lat' dir='ltr'>tuberculis</span> <span class='ocrx_word' id='word_1_184' title='bbox 1565 1547 1825 1590; x_wconf 87' lang='lat' dir='ltr'>minoribus.</span> <span class='ocrx_word' id='word_1_185' title='bbox 1851 1571 1907 1576; x_wconf 90' lang='lat'>—</span> <span class='ocrx_word' id='word_1_186' title='bbox 1946 1546 1998 1589; x_wconf 80' lang='lat'>0.</span> 
     </span>
     <span class='ocr_line' id='line_1_23' title="bbox 291 1608 1165 1662; baseline -0.002 -11"><span class='ocrx_word' id='word_1_187' title='bbox 291 1608 653 1651; x_wconf 67' lang='lat' dir='ltr'>axanthotrielmm</span> <span class='ocrx_word' id='word_1_188' title='bbox 682 1608 817 1651; x_wconf 77' lang='lat' dir='ltr'>Buiss.</span> <span class='ocrx_word' id='word_1_189' title='bbox 844 1609 870 1650; x_wconf 90' lang='lat' dir='ltr'>l.</span> <span class='ocrx_word' id='word_1_190' title='bbox 901 1608 968 1649; x_wconf 82' lang='lat' dir='ltr'>cit.</span> <span class='ocrx_word' id='word_1_191' title='bbox 999 1621 1038 1662; x_wconf 90' lang='lat' dir='ltr'>p.</span> <span class='ocrx_word' id='word_1_192' title='bbox 1072 1608 1165 1649; x_wconf 82' lang='lat'>109.</span> 
     </span>
    </p>
   </div>
   <div class='ocr_carea' id='block_1_6' title="bbox 339 1679 1996 1727">
    <p class='ocr_par' dir='ltr' id='par_1_8' title="bbox 339 1679 1996 1727">
     <span class='ocr_line' id='line_1_24' title="bbox 339 1679 1996 1727; baseline -0.001 -10"><span class='ocrx_word' id='word_1_193' title='bbox 339 1682 439 1718; x_wconf 87' lang='lat' dir='ltr'>Hab.</span> <span class='ocrx_word' id='word_1_194' title='bbox 462 1683 502 1717; x_wconf 91' lang='lat' dir='ltr'>in</span> <span class='ocrx_word' id='word_1_195' title='bbox 520 1682 751 1718; x_wconf 83' lang='lat' dir='ltr'>Antilibano</span> <span class='ocrx_word' id='word_1_196' title='bbox 771 1682 819 1718; x_wconf 87' lang='lat' dir='ltr'>ad</span> <span class='ocrx_word' id='word_1_197' title='bbox 837 1682 1012 1718; x_wconf 87' lang='lat' dir='ltr'>Zebdani</span> <span class='ocrx_word' id='word_1_198' title='bbox 1031 1681 1179 1726; x_wconf 83' lang='lat' dir='ltr'>(Boissl</span> <span class='ocrx_word' id='word_1_199' title='bbox 1198 1681 1270 1727; x_wconf 85' lang='lat' dir='ltr'>Ky.</span> <span class='ocrx_word' id='word_1_200' title='bbox 1294 1681 1418 1725; x_wconf 73' lang='grc'>15511,</span> <span class='ocrx_word' id='word_1_201' title='bbox 1438 1682 1538 1717; x_wconf 87' lang='lat' dir='ltr'>circa</span> <span class='ocrx_word' id='word_1_202' title='bbox 1555 1681 1797 1717; x_wconf 87' lang='lat' dir='ltr'>Damascum</span> <span class='ocrx_word' id='word_1_203' title='bbox 1818 1679 1944 1725; x_wconf 85' lang='lat' dir='ltr'>(Gaill</span> <span class='ocrx_word' id='word_1_204' title='bbox 1957 1683 1996 1725; x_wconf 89' lang='grc'>1).</span> 
     </span>
    </p>
   </div>
   <div class='ocr_carea' id='block_1_7' title="bbox 293 1743 2003 1839">
    <p class='ocr_par' dir='ltr' id='par_1_9' title="bbox 293 1743 2003 1839">
     <span class='ocr_line' id='line_1_25' title="bbox 339 1743 2003 1792; baseline 0.001 -12"><span class='ocrx_word' id='word_1_205' title='bbox 339 1745 492 1787; x_wconf 80' lang='lat' dir='ltr'>Pedale,</span> <span class='ocrx_word' id='word_1_206' title='bbox 511 1745 641 1791; x_wconf 86' lang='lat' dir='ltr'>ample</span> <span class='ocrx_word' id='word_1_207' title='bbox 658 1745 942 1792; x_wconf 70' lang='lat' dir='ltr'>pafflculatum,</span> <span class='ocrx_word' id='word_1_208' title='bbox 960 1745 1077 1781; x_wconf 89' lang='lat' dir='ltr'>facies</span> <span class='ocrx_word' id='word_1_209' title='bbox 1095 1744 1136 1781; x_wconf 91' lang='lat' dir='ltr'>O.</span> <span class='ocrx_word' id='word_1_210' title='bbox 1153 1743 1336 1781; x_wconf 75' lang='lat' dir='ltr'>echz&#39;oz&#39;clz&#39;s</span> <span class='ocrx_word' id='word_1_211' title='bbox 1353 1755 1376 1780; x_wconf 87' lang='lat' dir='ltr'>a</span> <span class='ocrx_word' id='word_1_212' title='bbox 1394 1755 1472 1791; x_wconf 88' lang='lat' dir='ltr'>quo</span> <span class='ocrx_word' id='word_1_213' title='bbox 1491 1745 1662 1781; x_wconf 86' lang='lat' dir='ltr'>nectario</span> <span class='ocrx_word' id='word_1_214' title='bbox 1682 1744 1825 1788; x_wconf 79' lang='lat' dir='ltr'>ciliato,</span> <span class='ocrx_word' id='word_1_215' title='bbox 1843 1744 2003 1781; x_wconf 83' lang='lat' dir='ltr'>nuculis</span> 
     </span>
     <span class='ocr_line' id='line_1_26' title="bbox 293 1791 1890 1839; baseline 0 -12"><span class='ocrx_word' id='word_1_216' title='bbox 293 1792 559 1834; x_wconf 80' lang='lat' dir='ltr'>tuberculatis,</span> <span class='ocrx_word' id='word_1_217' title='bbox 578 1796 657 1831; x_wconf 67' lang='lat' dir='ltr'>etc..</span> <span class='ocrx_word' id='word_1_218' title='bbox 677 1793 792 1838; x_wconf 83' lang='lat' dir='ltr'>longe</span> <span class='ocrx_word' id='word_1_219' title='bbox 811 1792 942 1838; x_wconf 78' lang='lat' dir='ltr'>distat,</span> <span class='ocrx_word' id='word_1_220' title='bbox 962 1792 1013 1828; x_wconf 83' lang='lat' dir='ltr'>ab</span> <span class='ocrx_word' id='word_1_221' title='bbox 1031 1791 1070 1829; x_wconf 90' lang='lat' dir='ltr'>O.</span> <span class='ocrx_word' id='word_1_222' title='bbox 1089 1791 1327 1829; x_wconf 74' lang='lat' dir='ltr'>bulbotricho</span> <span class='ocrx_word' id='word_1_223' title='bbox 1345 1792 1494 1829; x_wconf 73' lang='lat' dir='ltr'>corolla</span> <span class='ocrx_word' id='word_1_224' title='bbox 1513 1792 1652 1839; x_wconf 73' lang='lat' dir='ltr'>glabra</span> <span class='ocrx_word' id='word_1_225' title='bbox 1673 1792 1890 1828; x_wconf 87' lang='lat' dir='ltr'>discedens.</span> 
     </span>
    </p>
   </div>
   <div class='ocr_carea' id='block_1_8' title="bbox 289 1907 2004 2613">
    <p class='ocr_par' dir='ltr' id='par_1_10' title="bbox 289 1907 2004 2613">
     <span class='ocr_line' id='line_1_27' title="bbox 359 1907 2003 1963; baseline 0.001 -13"><span class='ocrx_word' id='word_1_226' title='bbox 359 1911 419 1950; x_wconf 89' lang='grc'>10.</span> <span class='ocrx_word' id='word_1_227' title='bbox 455 1908 514 1952; x_wconf 92' lang='grc' dir='ltr'>Ο.</span> <span class='ocrx_word' id='word_1_228' title='bbox 541 1907 990 1952; x_wconf 84' lang='lat' dir='ltr'>bulbotrichum</span> <span class='ocrx_word' id='word_1_229' title='bbox 1020 1907 1121 1963; x_wconf 78' lang='grc'>(0.0.</span> <span class='ocrx_word' id='word_1_230' title='bbox 1147 1908 1300 1950; x_wconf 86' lang='lat' dir='ltr'>Prodr.</span> <span class='ocrx_word' id='word_1_231' title='bbox 1331 1907 1384 1957; x_wconf 81' lang='lat' dir='ltr'>X,</span> <span class='ocrx_word' id='word_1_232' title='bbox 1407 1921 1447 1963; x_wconf 90' lang='lat' dir='ltr'>p.</span> <span class='ocrx_word' id='word_1_233' title='bbox 1474 1907 1552 1962; x_wconf 76' lang='grc'>64)</span> <span class='ocrx_word' id='word_1_234' title='bbox 1577 1910 1715 1951; x_wconf 84' lang='lat' dir='ltr'>totum</span> <span class='ocrx_word' id='word_1_235' title='bbox 1736 1907 1840 1951; x_wconf 86' lang='lat' dir='ltr'>setis</span> <span class='ocrx_word' id='word_1_236' title='bbox 1859 1907 2003 1962; x_wconf 83' lang='lat' dir='ltr'>longis</span> 
     </span>
     <span class='ocr_line' id='line_1_28' title="bbox 293 1967 2002 2022; baseline 0 -12"><span class='ocrx_word' id='word_1_237' title='bbox 293 1968 455 2022; x_wconf 75' lang='lat' dir='ltr'>patulis</span> <span class='ocrx_word' id='word_1_238' title='bbox 489 1967 597 2010; x_wconf 90' lang='lat' dir='ltr'>albis</span> <span class='ocrx_word' id='word_1_239' title='bbox 634 1967 701 2009; x_wconf 88' lang='lat' dir='ltr'>vel</span> <span class='ocrx_word' id='word_1_240' title='bbox 742 1967 915 2010; x_wconf 84' lang='lat' dir='ltr'>flavidis</span> <span class='ocrx_word' id='word_1_241' title='bbox 948 1980 971 2010; x_wconf 88' lang='lat' dir='ltr'>e</span> <span class='ocrx_word' id='word_1_242' title='bbox 1001 1967 1229 2010; x_wconf 87' lang='lat' dir='ltr'>tuberculo</span> <span class='ocrx_word' id='word_1_243' title='bbox 1265 1967 1415 2021; x_wconf 86' lang='lat' dir='ltr'>glabro</span> <span class='ocrx_word' id='word_1_244' title='bbox 1454 1967 1563 2010; x_wconf 82' lang='lat' dir='ltr'>ortis</span> <span class='ocrx_word' id='word_1_245' title='bbox 1604 1967 1842 2020; x_wconf 79' lang='lat' dir='ltr'>strigosum</span> <span class='ocrx_word' id='word_1_246' title='bbox 1883 1967 2002 2021; x_wconf 84' lang='lat' dir='ltr'>pube</span> 
     </span>
     <span class='ocr_line' id='line_1_29' title="bbox 292 2026 2000 2073; baseline -0.001 -4"><span class='ocrx_word' id='word_1_247' title='bbox 292 2027 494 2070; x_wconf 87' lang='lat' dir='ltr'>breviore</span> <span class='ocrx_word' id='word_1_248' title='bbox 520 2026 781 2073; x_wconf 78' lang='lat' dir='ltr'>intermixta,</span> <span class='ocrx_word' id='word_1_249' title='bbox 809 2026 1006 2070; x_wconf 87' lang='lat' dir='ltr'>caulibus</span> <span class='ocrx_word' id='word_1_250' title='bbox 1032 2026 1192 2069; x_wconf 87' lang='lat' dir='ltr'>crassis</span> <span class='ocrx_word' id='word_1_251' title='bbox 1223 2027 1381 2069; x_wconf 86' lang='lat' dir='ltr'>erectis</span> <span class='ocrx_word' id='word_1_252' title='bbox 1406 2026 1476 2069; x_wconf 91' lang='lat' dir='ltr'>vel</span> <span class='ocrx_word' id='word_1_253' title='bbox 1504 2026 1841 2069; x_wconf 85' lang='lat' dir='ltr'>ascendentibus</span> <span class='ocrx_word' id='word_1_254' title='bbox 1867 2027 1957 2068; x_wconf 88' lang='lat' dir='ltr'>fere</span> <span class='ocrx_word' id='word_1_255' title='bbox 1977 2040 2000 2069; x_wconf 86' lang='lat' dir='ltr'>a</span> 
     </span>
     <span class='ocr_line' id='line_1_30' title="bbox 291 2085 2001 2140; baseline 0.002 -13"><span class='ocrx_word' id='word_1_256' title='bbox 291 2085 384 2127; x_wconf 90' lang='lat' dir='ltr'>basi</span> <span class='ocrx_word' id='word_1_257' title='bbox 409 2086 592 2128; x_wconf 87' lang='lat' dir='ltr'>ramosis</span> <span class='ocrx_word' id='word_1_258' title='bbox 616 2096 731 2139; x_wconf 84' lang='lat' dir='ltr'>saepe</span> <span class='ocrx_word' id='word_1_259' title='bbox 755 2086 1018 2139; x_wconf 87' lang='lat' dir='ltr'>divaricatis,</span> <span class='ocrx_word' id='word_1_260' title='bbox 1039 2086 1152 2129; x_wconf 88' lang='lat' dir='ltr'>foliis</span> <span class='ocrx_word' id='word_1_261' title='bbox 1178 2086 1641 2140; x_wconf 79' lang='lat' dir='ltr'>oblongo-lanceolatis</span> <span class='ocrx_word' id='word_1_262' title='bbox 1666 2087 1730 2128; x_wconf 89' lang='lat' dir='ltr'>vel</span> <span class='ocrx_word' id='word_1_263' title='bbox 1759 2085 2001 2130; x_wconf 82' lang='lat' dir='ltr'>linearibus</span> 
     </span>
     <span class='ocr_line' id='line_1_31' title="bbox 291 2144 2004 2200; baseline -0.001 -12"><span class='ocrx_word' id='word_1_264' title='bbox 291 2144 551 2188; x_wconf 81' lang='lat' dir='ltr'>radicalibus</span> <span class='ocrx_word' id='word_1_265' title='bbox 571 2145 738 2188; x_wconf 83' lang='lat' dir='ltr'>obtusis</span> <span class='ocrx_word' id='word_1_266' title='bbox 760 2144 851 2188; x_wconf 88' lang='lat' dir='ltr'>basi</span> <span class='ocrx_word' id='word_1_267' title='bbox 871 2146 996 2198; x_wconf 88' lang='lat' dir='ltr'>longe</span> <span class='ocrx_word' id='word_1_268' title='bbox 1020 2146 1270 2199; x_wconf 77' lang='lat' dir='ltr'>attenuatis,</span> <span class='ocrx_word' id='word_1_269' title='bbox 1288 2144 1593 2200; x_wconf 87' lang='lat' dir='ltr'>superioribus</span> <span class='ocrx_word' id='word_1_270' title='bbox 1609 2144 1822 2189; x_wconf 89' lang='lat' dir='ltr'>brevibus</span> <span class='ocrx_word' id='word_1_271' title='bbox 1846 2145 2004 2193; x_wconf 73' lang='lat' dir='ltr'>acutis,</span> 
     </span>
     <span class='ocr_line' id='line_1_32' title="bbox 289 2203 2001 2258; baseline 0.001 -13"><span class='ocrx_word' id='word_1_272' title='bbox 289 2204 472 2247; x_wconf 79' lang='lat' dir='ltr'>racemis</span> <span class='ocrx_word' id='word_1_273' title='bbox 492 2205 665 2247; x_wconf 83' lang='lat' dir='ltr'>demum</span> <span class='ocrx_word' id='word_1_274' title='bbox 694 2203 819 2246; x_wconf 82' lang='lat' dir='ltr'>valde</span> <span class='ocrx_word' id='word_1_275' title='bbox 843 2205 1052 2258; x_wconf 85' lang='lat' dir='ltr'>elongatis</span> <span class='ocrx_word' id='word_1_276' title='bbox 1081 2216 1257 2258; x_wconf 86' lang='lat' dir='ltr'>semper</span> <span class='ocrx_word' id='word_1_277' title='bbox 1280 2204 1586 2254; x_wconf 81' lang='lat' dir='ltr'>densiusculis‚</span> <span class='ocrx_word' id='word_1_278' title='bbox 1602 2204 1761 2258; x_wconf 84' lang='lat' dir='ltr'>calycis</span> <span class='ocrx_word' id='word_1_279' title='bbox 1784 2204 2001 2247; x_wconf 85' lang='lat' dir='ltr'>fructiferi</span> 
     </span>
     <span class='ocr_line' id='line_1_33' title="bbox 291 2263 2001 2317; baseline 0.001 -12"><span class='ocrx_word' id='word_1_280' title='bbox 291 2263 402 2305; x_wconf 86' lang='lat' dir='ltr'>aucti</span> <span class='ocrx_word' id='word_1_281' title='bbox 430 2263 595 2305; x_wconf 89' lang='lat' dir='ltr'>laciniis</span> <span class='ocrx_word' id='word_1_282' title='bbox 634 2263 896 2315; x_wconf 58' lang='lat' dir='ltr'>lanceolam,</span> <span class='ocrx_word' id='word_1_283' title='bbox 922 2264 1094 2307; x_wconf 82' lang='lat' dir='ltr'>corollae</span> <span class='ocrx_word' id='word_1_284' title='bbox 1119 2264 1375 2307; x_wconf 84' lang='lat' dir='ltr'>lutescentis</span> <span class='ocrx_word' id='word_1_285' title='bbox 1410 2264 1617 2308; x_wconf 85' lang='lat' dir='ltr'>velutinae</span> <span class='ocrx_word' id='word_1_286' title='bbox 1653 2265 1831 2306; x_wconf 74' lang='lat' dir='ltr'>clavatae</span> <span class='ocrx_word' id='word_1_287' title='bbox 1857 2263 2001 2317; x_wconf 88' lang='lat' dir='ltr'>calyce</span> 
     </span>
     <span class='ocr_line' id='line_1_34' title="bbox 289 2321 2001 2378; baseline 0.002 -16"><span class='ocrx_word' id='word_1_288' title='bbox 289 2321 416 2364; x_wconf 80' lang='lat' dir='ltr'>tertia</span> <span class='ocrx_word' id='word_1_289' title='bbox 435 2324 556 2375; x_wconf 84' lang='lat' dir='ltr'>parte</span> <span class='ocrx_word' id='word_1_290' title='bbox 575 2322 781 2375; x_wconf 83' lang='lat' dir='ltr'>longioris</span> <span class='ocrx_word' id='word_1_291' title='bbox 799 2321 909 2364; x_wconf 86' lang='lat' dir='ltr'>iobis</span> <span class='ocrx_word' id='word_1_292' title='bbox 929 2323 1125 2366; x_wconf 83' lang='lat' dir='ltr'>breviter</span> <span class='ocrx_word' id='word_1_293' title='bbox 1143 2323 1487 2378; x_wconf 80' lang='lat' dir='ltr'>triangularibus</span> <span class='ocrx_word' id='word_1_294' title='bbox 1507 2323 1784 2375; x_wconf 83' lang='lat' dir='ltr'>subreflexis‚</span> <span class='ocrx_word' id='word_1_295' title='bbox 1805 2323 2001 2367; x_wconf 87' lang='lat' dir='ltr'>nectario</span> 
     </span>
     <span class='ocr_line' id='line_1_35' title="bbox 289 2379 2002 2437; baseline 0.002 -15"><span class='ocrx_word' id='word_1_296' title='bbox 289 2379 475 2433; x_wconf 77' lang='lat' dir='ltr'>hirsuto,</span> <span class='ocrx_word' id='word_1_297' title='bbox 502 2380 696 2424; x_wconf 81' lang='lat' dir='ltr'>antheris</span> <span class='ocrx_word' id='word_1_298' title='bbox 730 2381 850 2434; x_wconf 85' lang='lat' dir='ltr'>apice</span> <span class='ocrx_word' id='word_1_299' title='bbox 885 2382 1156 2426; x_wconf 84' lang='lat' dir='ltr'>subexsertis</span> <span class='ocrx_word' id='word_1_300' title='bbox 1185 2382 1406 2426; x_wconf 79' lang='lat' dir='ltr'>filamento</span> <span class='ocrx_word' id='word_1_301' title='bbox 1435 2383 1798 2437; x_wconf 76' lang='lat' dir='ltr'>subaequilongis,</span> <span class='ocrx_word' id='word_1_302' title='bbox 1822 2381 2002 2426; x_wconf 87' lang='lat' dir='ltr'>nuculis</span> 
     </span>
     <span class='ocr_line' id='line_1_36' title="bbox 290 2439 1998 2498; baseline 0.002 -18"><span class='ocrx_word' id='word_1_303' title='bbox 290 2439 458 2493; x_wconf 87' lang='lat' dir='ltr'>magnis</span> <span class='ocrx_word' id='word_1_304' title='bbox 493 2439 677 2493; x_wconf 74' lang='lat' dir='ltr'>trigonis</span> <span class='ocrx_word' id='word_1_305' title='bbox 715 2452 842 2494; x_wconf 86' lang='lat' dir='ltr'>parce</span> <span class='ocrx_word' id='word_1_306' title='bbox 875 2444 918 2482; x_wconf 89' lang='lat' dir='ltr'>et</span> <span class='ocrx_word' id='word_1_307' title='bbox 943 2453 1096 2494; x_wconf 87' lang='lat' dir='ltr'>grosse</span> <span class='ocrx_word' id='word_1_308' title='bbox 1126 2441 1415 2485; x_wconf 82' lang='lat' dir='ltr'>tuberculatis</span> <span class='ocrx_word' id='word_1_309' title='bbox 1439 2441 1511 2498; x_wconf 65' lang='grc' dir='ltr'>(ᾒ.</span> <span class='ocrx_word' id='word_1_310' title='bbox 1557 2442 1602 2484; x_wconf 88' lang='lat'>0.</span> <span class='ocrx_word' id='word_1_311' title='bbox 1632 2442 1882 2484; x_wconf 68' lang='lat' dir='ltr'>ech-{natum</span> <span class='ocrx_word' id='word_1_312' title='bbox 1907 2455 1998 2484; x_wconf 65' lang='lat' dir='ltr'>nc.</span> 
     </span>
     <span class='ocr_line' id='line_1_37' title="bbox 292 2498 1998 2555; baseline 0.001 -15"><span class='ocrx_word' id='word_1_313' title='bbox 292 2498 446 2542; x_wconf 87' lang='lat' dir='ltr'>Prodr.</span> <span class='ocrx_word' id='word_1_314' title='bbox 470 2499 527 2549; x_wconf 88' lang='grc' dir='ltr'>Χ,</span> <span class='ocrx_word' id='word_1_315' title='bbox 553 2512 594 2552; x_wconf 83' lang='lat' dir='ltr'>p.</span> <span class='ocrx_word' id='word_1_316' title='bbox 624 2500 680 2541; x_wconf 75' lang='lat'>64</span> <span class='ocrx_word' id='word_1_317' title='bbox 708 2511 759 2540; x_wconf 85' lang='lat' dir='ltr'>ex</span> <span class='ocrx_word' id='word_1_318' title='bbox 787 2504 908 2553; x_wconf 86' lang='lat' dir='ltr'>parte</span> <span class='ocrx_word' id='word_1_319' title='bbox 939 2501 1081 2554; x_wconf 86' lang='lat' dir='ltr'>quoad</span> <span class='ocrx_word' id='word_1_320' title='bbox 1116 2500 1171 2555; x_wconf 89' lang='lat' dir='ltr'>pl.</span> <span class='ocrx_word' id='word_1_321' title='bbox 1198 2501 1434 2544; x_wconf 86' lang='lat' dir='ltr'>Persicam.</span> <span class='ocrx_word' id='word_1_322' title='bbox 1461 2527 1509 2531; x_wconf 96' lang='lat'><strong>—</strong></span> <span class='ocrx_word' id='word_1_323' title='bbox 1546 2500 1591 2544; x_wconf 88' lang='grc' dir='ltr'>Ο.</span> <span class='ocrx_word' id='word_1_324' title='bbox 1623 2500 1998 2545; x_wconf 76' lang='lat' dir='ltr'>Chorassanicum</span> 
     </span>
     <span class='ocr_line' id='line_1_38' title="bbox 289 2557 1114 2613; baseline 0.004 -14"><span class='ocrx_word' id='word_1_325' title='bbox 289 2557 377 2613; x_wconf 85' lang='lat' dir='ltr'>Bge</span> <span class='ocrx_word' id='word_1_326' title='bbox 403 2557 562 2600; x_wconf 88' lang='lat' dir='ltr'>Helioc.</span> <span class='ocrx_word' id='word_1_327' title='bbox 590 2572 629 2613; x_wconf 92' lang='lat' dir='ltr'>p.</span> <span class='ocrx_word' id='word_1_328' title='bbox 663 2558 710 2600; x_wconf 70' lang='lat'>12</span> <span class='ocrx_word' id='word_1_329' title='bbox 736 2559 912 2611; x_wconf 76' lang='lat' dir='ltr'>(nomen</span> <span class='ocrx_word' id='word_1_330' title='bbox 943 2560 1114 2612; x_wconf 88' lang='lat' dir='ltr'>solum).</span> 
     </span>
    </p>
   </div>
   <div class='ocr_carea' id='block_1_9' title="bbox 337 2631 2001 2682">
    <p class='ocr_par' dir='ltr' id='par_1_11' title="bbox 337 2631 2001 2682">
     <span class='ocr_line' id='line_1_39' title="bbox 337 2631 2001 2682; baseline 0.002 -15"><span class='ocrx_word' id='word_1_331' title='bbox 337 2631 438 2667; x_wconf 86' lang='lat' dir='ltr'>Hab.</span> <span class='ocrx_word' id='word_1_332' title='bbox 458 2632 497 2667; x_wconf 91' lang='lat' dir='ltr'>in</span> <span class='ocrx_word' id='word_1_333' title='bbox 516 2631 649 2668; x_wconf 75' lang='lat' dir='ltr'>Persia</span> <span class='ocrx_word' id='word_1_334' title='bbox 668 2632 807 2677; x_wconf 87' lang='lat' dir='ltr'>(Auch.</span> <span class='ocrx_word' id='word_1_335' title='bbox 829 2631 939 2668; x_wconf 72' lang='lat'>2297!</span> <span class='ocrx_word' id='word_1_336' title='bbox 959 2635 995 2668; x_wconf 90' lang='lat' dir='ltr'>et</span> <span class='ocrx_word' id='word_1_337' title='bbox 1011 2633 1151 2678; x_wconf 84' lang='grc'>49931),</span> <span class='ocrx_word' id='word_1_338' title='bbox 1198 2644 1290 2681; x_wconf 89' lang='lat' dir='ltr'>rope</span> <span class='ocrx_word' id='word_1_339' title='bbox 1310 2634 1467 2671; x_wconf 86' lang='lat' dir='ltr'>Schiras</span> <span class='ocrx_word' id='word_1_340' title='bbox 1485 2634 1577 2682; x_wconf 86' lang='lat' dir='ltr'>(Ky.</span> <span class='ocrx_word' id='word_1_341' title='bbox 1593 2634 1710 2682; x_wconf 87' lang='grc'>3501),</span> <span class='ocrx_word' id='word_1_342' title='bbox 1731 2637 1831 2672; x_wconf 83' lang='lat' dir='ltr'>inter</span> <span class='ocrx_word' id='word_1_343' title='bbox 1848 2634 2001 2681; x_wconf 75' lang='lat' dir='ltr'>Seytun</span> 
     </span>
    </p>
   </div>
   <div class='ocr_carea' id='block_1_10' title="bbox 286 2644 1997 2772">
    <p class='ocr_par' dir='ltr' id='par_1_12' title="bbox 286 2644 1997 2772">
     <span class='ocr_line' id='line_1_40' title="bbox 286 2644 1997 2772; baseline 0.002 -58"><span class='ocrx_word' id='word_1_344' title='bbox 286 2679 524 2772; x_wconf 48' lang='lat' dir='ltr'>fgffggggan</span> <span class='ocrx_word' id='word_1_345' title='bbox 546 2678 723 2723; x_wconf 75' lang='lat' dir='ltr'>(Haussk</span> <span class='ocrx_word' id='word_1_346' title='bbox 737 2679 890 2723; x_wconf 44' lang='lat' dir='ltr'>&amp;inter</span> <span class='ocrx_word' id='word_1_347' title='bbox 908 2680 1085 2717; x_wconf 84' lang='lat' dir='ltr'>Teheran</span> <span class='ocrx_word' id='word_1_348' title='bbox 1105 2683 1142 2717; x_wconf 89' lang='lat' dir='ltr'>et</span> <span class='ocrx_word' id='word_1_349' title='bbox 1159 2644 1302 2718; x_wconf 65' lang='lat' dir='ltr'>&#39;Fabris</span> <span class='ocrx_word' id='word_1_350' title='bbox 1321 2681 1472 2727; x_wconf 79' lang='lat' dir='ltr'>(Buhse</span> <span class='ocrx_word' id='word_1_351' title='bbox 1484 2685 1521 2727; x_wconf 88' lang='lat'>!)‚</span> <span class='ocrx_word' id='word_1_352' title='bbox 1540 2684 1581 2719; x_wconf 87' lang='lat' dir='ltr'>in</span> <span class='ocrx_word' id='word_1_353' title='bbox 1599 2684 1748 2719; x_wconf 84' lang='lat' dir='ltr'>ditione</span> <span class='ocrx_word' id='word_1_354' title='bbox 1765 2683 1997 2719; x_wconf 70' lang='lat' dir='ltr'>Khorassan</span> 
     </span>
    </p>
   </div>
   <div class='ocr_carea' id='block_1_11' title="bbox 286 2789 1997 2883">
    <p class='ocr_par' dir='ltr' id='par_1_13' title="bbox 286 2789 1997 2883">
     <span class='ocr_line' id='line_1_41' title="bbox 335 2789 1997 2841; baseline 0.003 -16"><span class='ocrx_word' id='word_1_355' title='bbox 335 2789 548 2835; x_wconf 79' lang='lat' dir='ltr'>Strigosius</span> <span class='ocrx_word' id='word_1_356' title='bbox 570 2790 609 2827; x_wconf 91' lang='lat' dir='ltr'>O.</span> <span class='ocrx_word' id='word_1_357' title='bbox 630 2790 829 2838; x_wconf 73' lang='lat' dir='ltr'>Aleppz&#39;eo,</span> <span class='ocrx_word' id='word_1_358' title='bbox 853 2791 1000 2828; x_wconf 86' lang='lat' dir='ltr'>corolla</span> <span class='ocrx_word' id='word_1_359' title='bbox 1024 2793 1150 2840; x_wconf 89' lang='lat' dir='ltr'>major</span> <span class='ocrx_word' id='word_1_360' title='bbox 1167 2794 1295 2840; x_wconf 87' lang='lat' dir='ltr'>magis</span> <span class='ocrx_word' id='word_1_361' title='bbox 1325 2796 1479 2831; x_wconf 80' lang='lat' dir='ltr'>exserta</span> <span class='ocrx_word' id='word_1_362' title='bbox 1503 2794 1724 2841; x_wconf 86' lang='lat' dir='ltr'>pubescens</span> <span class='ocrx_word' id='word_1_363' title='bbox 1749 2804 1820 2831; x_wconf 87' lang='lat' dir='ltr'>nec</span> <span class='ocrx_word' id='word_1_364' title='bbox 1848 2793 1997 2840; x_wconf 86' lang='lat' dir='ltr'>glabra,</span> 
     </span>
     <span class='ocr_line' id='line_1_42' title="bbox 286 2837 909 2883; baseline 0.005 -11"><span class='ocrx_word' id='word_1_365' title='bbox 286 2838 503 2873; x_wconf 82' lang='lat' dir='ltr'>nectarium</span> <span class='ocrx_word' id='word_1_366' title='bbox 522 2837 679 2883; x_wconf 85' lang='lat' dir='ltr'>longius</span> <span class='ocrx_word' id='word_1_367' title='bbox 700 2839 909 2875; x_wconf 86' lang='lat' dir='ltr'>hirsutum.</span> 
     </span>
    </p>
   </div>
   <div class='ocr_carea' id='block_1_12' title="bbox 997 2953 1281 2990">
    <p class='ocr_par' dir='ltr' id='par_1_14' title="bbox 997 2953 1281 2990">
     <span class='ocr_line' id='line_1_43' title="bbox 997 2953 1281 2990; baseline 0.004 -1"><span class='ocrx_word' id='word_1_368' title='bbox 997 2956 1011 2971; x_wconf 84' lang='lat'><strong>*</strong></span> <span class='ocrx_word' id='word_1_369' title='bbox 1035 2957 1049 2971; x_wconf 68' lang='grc'><em>·</em></span> <span class='ocrx_word' id='word_1_370' title='bbox 1076 2953 1281 2990; x_wconf 84' lang='lat' dir='ltr'>Perennia.</span> 
     </span>
    </p>
   </div>
   <div class='ocr_carea' id='block_1_13' title="bbox 347 3041 1996 3103">
    <p class='ocr_par' dir='ltr' id='par_1_15' title="bbox 347 3041 1996 3103">
     <span class='ocr_line' id='line_1_44' title="bbox 347 3041 1996 3103; baseline 0.004 -20"><span class='ocrx_word' id='word_1_371' title='bbox 347 3042 413 3083; x_wconf 85' lang='lat'>11.</span> <span class='ocrx_word' id='word_1_372' title='bbox 449 3041 508 3085; x_wconf 91' lang='grc' dir='ltr'>Ο.</span> <span class='ocrx_word' id='word_1_373' title='bbox 543 3044 907 3089; x_wconf 80' lang='lat' dir='ltr'>stamineum</span> <span class='ocrx_word' id='word_1_374' title='bbox 935 3045 1116 3101; x_wconf 77' lang='lat' dir='ltr'>(Ledeb.</span> <span class='ocrx_word' id='word_1_375' title='bbox 1145 3047 1189 3089; x_wconf 90' lang='lat' dir='ltr'>in</span> <span class='ocrx_word' id='word_1_376' title='bbox 1214 3047 1374 3090; x_wconf 85' lang='lat' dir='ltr'>Eichw.</span> <span class='ocrx_word' id='word_1_377' title='bbox 1406 3046 1530 3103; x_wconf 89' lang='lat' dir='ltr'>Casp.</span> <span class='ocrx_word' id='word_1_378' title='bbox 1558 3061 1599 3103; x_wconf 87' lang='lat' dir='ltr'>p.</span> <span class='ocrx_word' id='word_1_379' title='bbox 1635 3049 1697 3101; x_wconf 83' lang='lat'>10,</span> <span class='ocrx_word' id='word_1_380' title='bbox 1720 3047 1801 3090; x_wconf 83' lang='lat' dir='ltr'>lab.</span> <span class='ocrx_word' id='word_1_381' title='bbox 1829 3046 1876 3102; x_wconf 81' lang='lat'>3)</span> <span class='ocrx_word' id='word_1_382' title='bbox 1904 3047 1996 3090; x_wconf 76' lang='lat' dir='ltr'>basi</span> 
     </span>
    </p>
   </div>
  </div>
 </body>
</html>
