2100 3262
293 239 364 276 132
1008 234 1293 262 BonnAGmEAE.
1805 220 1980 260 Onosma
1989 250 1998 258 .

344 317 444 353 Hah.
466 316 506 351 in
522 311 829 349 Transcaucasia
846 308 895 344 ad
914 306 1027 343 Baku
1055 304 1162 350 (CA.
1179 304 1322 350 Mem),
1340 302 1476 339 Persia
1495 302 1588 338 bor.¹
1604 301 1654 338 ad
1679 300 1831 338 radices
1857 302 2005 338 montis

297 361 529 401 Demavend
559 360 651 405 (Ky.
681 357 798 402 3832),
829 357 929 392 inter
957 353 1083 389 Siaret
1111 354 1149 388 et
1176 350 1383 386 Schahrud
1412 349 1558 396 (Egel),
1589 348 1801 395 Affghania
1831 349 1997 395 (Gi-iffi),

299 409 522 447 Belutschia
539 406 590 443 ad
610 405 755 441 Zahree
774 407 811 439 et
830 401 1031 438 Doubund
1046 398 1249 445 (Stocksl).

345 472 385 509 Ο.
405 470 574 508 eckioide
591 468 746 512 elatius,
761 466 856 502 folia
871 465 998 510 magis
1016 464 1162 505 stricta,
1179 460 1327 497 corolla
1346 460 1505 507 longior
1524 459 1653 507 magis
1668 462 1836 504 exserta,
1846 459 2003 496 nuculae

294 520 416 567 duplo
437 518 603 564 majores
621 513 878 551 tuberculatae
896 513 960 548 vel
981 511 1120 547 saltem
1143 508 1353 546 maneatae

345 584 402 619 Δι’.
423 582 556 626 Geogr.
586 579 724 615 Rossia
747 575 955 613 australis!

354 715 391 756 4.
427 713 471 756 Ο
529 709 882 755 tinctorium
920 706 1046 762 (ΜΒ.
1088 705 1218 748 Taur.
1258 703 1385 747 Cauc.
1414 703 1447 756 l.
1487 717 1528 759 p.
1568 703 1672 759 131)
1717 707 1852 748 totum
1895 707 2002 751 setis

293 772 502 816 tenuibus
528 769 780 824 patentibus
803 767 892 811 basi
918 764 1146 810 tuberculo
1173 763 1322 818 glabro
1353 763 1522 806 minuto
1544 763 1840 806 insidentibus
1865 765 2001 820 pube·

295 843 378 886 que
405 831 526 873 brevi
549 828 801 871 intermixta
825 827 1115 875 cinerascens‚
1133 824 1332 867 caulibus
1355 823 1662 866 crassiusculis
1682 822 1850 866 modice
1873 825 2000 867 elatis

294 889 602 944 pyramidatim
625 886 824 933 ramosis,
845 885 958 928 foliis
986 883 1249 927 radicalibus
1277 886 1320 925 et
1345 881 1630 939 inferioribus
1652 882 1738 925 late
1760 882 2000 927 linearibus

293 948 505 1001 elongatis
548 946 730 999 obtusis,
774 944 1079 999 superioribus
1121 946 1164 985 et
1208 939 1433 985 floralibus
1478 939 1746 984 abbreviatis
1787 941 1999 997 oblongis,

294 1007 477 1050 racemis
505 1005 775 1059 simplicibus
802 1004 868 1047 vel
905 1002 1052 1045 bifidis
1081 1001 1331 1056 paucifloris
1366 999 1606 1043 fructiferis
1635 1000 1846 1054 elongatis
1871 1002 2000 1053 laxiS,

293 1066 452 1120 calycis
487 1063 772 1118 hispidissimi
813 1061 1022 1106 fructiferi
1063 1062 1219 1104 accreti
1254 1059 1424 1103 laciniis
1461 1059 1804 1108 sublinearibns,
1840 1061 2002 1104 corolla

292 1124 436 1167 albida
461 1123 559 1167 dein
589 1125 714 1165 rosea
741 1123 916 1165 miniata
938 1120 1113 1164 tandem
1140 1119 1329 1163 violacea
1352 1119 1549 1162 velutina
1569 1120 1714 1173 calyce
1729 1120 1859 1162 tertia
1877 1124 2001 1174 parte

292 1183 486 1236 longiore
525 1181 727 1227 tubulosa
765 1192 958 1235 superne
998 1192 1153 1234 parum
1194 1179 1373 1222 dilatata
1412 1178 1619 1221 dentibus
1655 1178 2001 1231 triangularibus

293 1242 488 1293 minutis‚
509 1241 699 1285 nectario
722 1240 885 1294 glabro.
904 1239 1098 1281 antheris
1118 1239 1300 1281 inclusis
1327 1238 1548 1281 filamenlo
1566 1237 1843 1290 brevissimo,
1866 1250 2002 1281 nucu-

292 1301 346 1342 lis
376 1300 798 1354 triangulari-oratis
831 1299 968 1341 acutis
1001 1297 1184 1340 laevibus
1211 1297 1361 1340 nitidis
1388 1296 1667 1340 marmoratis
1691 1296 1759 1352 Q).
1803 1296 1859 1340 Ic.
1885 1297 1996 1341 ΜΒ.

295 1358 413 1403 Cent.
442 1359 505 1401 Pl.
536 1360 661 1401 Ross.
687 1358 773 1402 tab.
802 1359 869 1400 79.
894 1381 950 1389 -—
977 1357 1125 1400 Lebm.
1155 1358 1262 1411 Asp.
1289 1356 1375 1399 tab.
1405 1357 1470 1398 11.
1497 1380 1554 1387 -
1582 1355 1629 1399 Ο.
1660 1355 1875 1399 εοΙιὶοἱιίεε
1904 1369 1999 1399 var.

290 1417 584 1471 parvfflorum
610 1417 767 1461 Ledeb.
797 1417 845 1459 Fl
887 1417 1015 1459 Ross.
1039 1415 1114 1459 ΙΙΙ.
1143 1428 1181 1470 p.
1214 1417 1310 1458 125.

291 1492 440 1575 pHah.
473 1493 511 1527 in
549 1492 696 1527 Tauris
730 1491 857 1536 (M.B.,
890 1491 1025 1536 Stev.),
1048 1490 1222 1527 Caucaso
1257 1492 1294 1526 et
1327 1490 1455 1526 Iberia
1488 1489 1699 1527 Caucasias
1735 1490 1864 1536 (M.B.,
1894 1490 2005 1527 herb.

323 1542 476 1586 etropl).

339 1602 400 1638 Ab
422 1601 462 1639 O.
485 1601 654 1638 echz'oide
672 1601 790 1637 valde
809 1602 1037 1637 distinctum
1063 1601 1212 1637 corolla
1237 1601 1453 1647 cylindrica
1479 1601 1601 1648 duplo
1627 1602 1791 1643 minore,
1810 1601 2003 1639 filamenti

291 1652 401 1695 parte
433 1649 559 1685 liberat
592 1649 837 1685 brevissima.
870 1650 1046 1685 Varietas
1082 1648 1345 1696 ssfiavz'coma
1375 1659 1448 1685 αα.
1481 1648 1615 1684 Prodr.
1645 1659 1682 1696 p.
1703 1649 1749 1685 64
1777 1652 1836 1685 est
1866 1649 2002 1697 planta

290 1697 473 1743 perennis
493 1696 545 1732 ab
563 1696 604 1733 O.
623 1697 804 1732 tinctorio
822 1696 1009 1732 distincta
1032 1697 1099 1732 sed
1121 1707 1169 1732 ex
1187 1698 1401 1743 specimine
1426 1696 1576 1742 J'uniori
1601 1698 1638 1732 et
1663 1697 1902 1744 incompleto
1921 1698 2001 1733 noh

289 1743 362 1780 rite
380 1744 692 1780 determinanda.

335 1807 394 1842 Ar.
415 1807 549 1853 Gooqr.
578 1807 717 1843 Bossia
737 1807 921 1843 australis
940 1810 977 1843 et
996 1806 1395 1852 orientali-australis,
1414 1807 1619 1853 Songaria.

349 1941 386 1982 5.
423 1938 466 1983 Ο
516 1939 791 1984 Graecum
830 1940 991 1994 (Boiss.
1021 1941 1157 1995 Diagn
1217 1941 1309 1984 Ser.
1340 1941 1371 1990 Ι,
1404 1943 1471 1991 11,
1512 1954 1552 1995 p.
1582 1941 1685 1996 106)
1721 1945 1860 1985 totum
1890 1943 1999 1987 setis

283 1999 492 2041 tenuibus
529 1999 753 2054 adpressis
794 2001 1021 2043 tuberculo
1061 2001 1224 2043 minuto
1265 2001 1415 2054 glabro
1460 2001 1750 2045 insidentibus
1789 2003 1997 2057 pubeque

289 2058 410 2100 brevi
439 2058 631 2101 velutina
657 2059 932 2102 cinerasceiis
960 2060 1033 2102 vix
1069 2060 1320 2113 strigosum.
1359 2061 1480 2102 caule
1517 2061 1813 2103 crassiusculo
1852 2065 1997 2105 erecto

287 2117 494 2159 mediocri
533 2130 662 2172 parce
703 2121 743 2160 et
781 2119 931 2161 stricte
971 2131 1141 2161 ramoso
1182 2119 1530 2174 subpaniculato‚
1569 2120 1683 2162 foliis
1726 2119 1996 2165 radicalibus

285 2176 453 2217 crebris
491 2177 989 2220 lanceolam-linearibus
1029 2178 1198 2220 obtusis
1227 2178 1316 2220 basi
1352 2180 1590 2223 attenuatis
1619 2179 1926 2233 superioribus
1957 2183 2000 2223 et

288 2233 514 2277 floralibus
552 2237 579 2278 'a
615 2236 706 2279 basi
749 2237 980 2280 rotundam
1018 2237 1229 2290 oblongis,
1268 2238 1451 2281 racemis
1492 2238 1703 2281 brevibus
1746 2239 1998 2293 paucissoris

286 2293 523 2336 fructiferis
543 2294 811 2345 laxiusculis,
831 2296 987 2350 calycis
1005 2296 1217 2339 fructiferi
1238 2297 1364 2340 valde
1389 2298 1546 2341 acci-eti
1573 2297 1738 2341 laciniis
1757 2298 1998 2341 linearibus

284 2353 615 2400 obtusiusculis,
654 2356 816 2398 corolla
845 2354 1099 2409 pubescenti
1140 2361 1324 2410 anguste
1360 2357 1565 2401 tubulosa
1602 2358 1747 2411 calyce
1775 2356 1997 2413 subduplo

288 2411 481 2464 longiore
521 2413 636 2455 lutea
663 2413 836 2456 demum
869 2415 1119 2457 violascenti
1160 2415 1364 2459 dentibus
1403 2416 1678 2460 brevissimis
1714 2415 1997 2470 triangulari-

287 2471 438 2513 ovatis.
467 2473 659 2514 nectario
685 2472 848 2526 glabro.
874 2474 1069 2516 anthei-is
1102 2487 1272 2517 summo
1306 2476 1427 2530 apice
1453 2476 1525 2518 vix
1562 2476 1751 2518 exsertis
1776 2476 1996 2519 filamento

286 2528 558 2582 brevissimo,
584 2532 755 2574 nuculis
782 2533 964 2586 trigonis
988 2534 1126 2576 acutis
1152 2534 1368 2588 profunde
1396 2535 1700 2578 scrobiculatis
1727 2539 1769 2578 et
1792 2535 1996 2578 tubercu—

286 2588 384 2630 latis
414 2588 482 2643 (ᾖ.
513 2588 556 2631 Ο.
582 2590 841 2632 tinctor-uma
865 2592 927 2634 Fl.
957 2592 1106 2647 Pelop.
1130 2605 1217 2635 non
1241 2594 1348 2636 ΜΒ.

334 2661 435 2696 Hah.
455 2663 495 2716 in
513 2663 624 2698 siccis
652 2664 915 2711 Peloponnesi
943 2665 991 2701 ad
1014 2666 1187 2702 Navarin
1221 2667 1352 2711 (herb.
1374 2668 1579 2713 Fauchel),
1606 2668 1787 2715 Hymetti
1816 2668 1998 2714 (Boissl).

281 2707 556 2800 ἓξῗξᾱῖἑξῖξέ,
577 2711 927 2804 &riggbcchioz'dffl
958 2713 1008 2748 ad
1030 2713 1202 2749 Caneam
1232 2715 1414 2759 (Weissl)
1434 2719 1471 2752 et
1488 2716 1650 2752 Malaxa
1668 2716 1833 2763 (Banu),
1852 2716 1996 2752 insulae

330 2818 469 2855 Rarius
493 2821 589 2866 pede
609 2821 773 2858 dimidio
805 2823 956 2867 elatius,
977 2824 1124 2860 corolla
1144 2829 1310 2871 anguste
1329 2827 1516 2863 tubulos&
1536 2827 1691 2873 insigne
1723 2827 1876 2874 hacque
1904 2829 1998 2863 notri

282 2866 332 2900 ad
355 2865 395 2902 O.
416 2868 640 2904 tinctorium
665 2871 850 2906 accedens
871 2871 1025 2907 nuc-ulis
1044 2871 1272 2909 laevissimis
1293 2873 1479 2910 alienum.

343 2999 380 3039 6.
413 2997 472 3041 Ο.
505 2999 871 3056 Taygeteum
912 3001 1071 3057 (Boiss.
1110 3008 1151 3046 et
1178 3004 1326 3048 Heldr.
1353 3005 1506 3059 Diagn.
1535 3004 1616 3048 Ser
1659 3005 1692 3058 Ι,
1729 3006 1856 3060 11‚p.
1892 3004 1992 3061 101)
