2065 3271
144 219 385 259 Verhascum.
763 220 1177 250 SCROPHULARIACEAE.
1778 200 1851 237 317

137 305 231 346 lana
255 300 383 343 nivea
406 299 590 340 floccosa
608 296 781 340 landem
801 298 855 339 ad
878 296 1077 338 soliorum
1098 292 1297 348 paginam
1319 289 1596 344 superiorem
1615 290 1658 328 el.
1677 285 1846 327 caulem

136 361 317 405 decidua
348 359 554 407 obsitum,
589 357 702 399 soliis
730 356 969 399 crenulatis
1008 355 1074 397 vel
1103 352 1286 405 integris
1315 346 1666 401 ovato-ellipticis
1696 344 1847 387 oblon-

133 422 252 476 gisve
280 416 561 461 inferioribus
585 416 629 458 in
655 417 865 469 petiolum
888 415 1065 457 brevem
1092 410 1346 460 attenuatis,
1375 406 1686 462 superioribus
1717 403 1844 445 dimi-

134 480 251 523 nutis
302 477 534 520 sessilibus
584 472 1178 528 cordato-amplexicaulibus
1225 481 1343 524 saepe
1391 466 1678 515 acuminatis,
1721 463 1845 505 caule

134 538 321 592 simplici
345 537 413 580 vel
436 547 562 589 parce
592 547 783 586 ramoso,
816 535 974 576 florum
1002 531 1221 575 fasciculis
1248 523 1397 571 densis
1422 525 1646 569 5-7-ss01·is
1668 523 1844 565 demum

134 595 458 641 remotiusculis
494 595 635 648 spicas
663 595 813 648 longas
844 594 962 636 laxas
999 590 1308 640 formantibus,
1342 586 1567 641 pedicellis
1598 581 1846 638 {equalibus

133 656 403 711 longioribus
439 654 573 708 calyci
611 654 886 709 aequilongffi,
923 652 1067 706 calyce
1104 651 1149 707 (⁶2
1175 649 1223 704 ¹l2
1263 648 1339 689 liu.
1374 647 1473 688 circ.
1502 644 1645 697 longo)
1685 645 1847 696 praeter

133 717 286 760 dentes
308 716 427 769 apice
449 714 671 767 glabratos
696 713 958 755 albo-lanato
985 713 1075 755 sere
1096 711 1146 752 ad
1169 709 1291 751 basin
1317 707 1358 748 in
1386 704 1562 747 lacinias
1584 701 1846 745 lanceolatas

133 775 407 820 acutissimas
445 773 617 827 partito,
655 773 815 815 corolla
857 774 1014 826 parva,
1061 767 1295 814 filameutis
1338 764 1517 808 sordide
1553 761 1847 808 albo-lanatis,

133 835 328 879 antheris
354 833 682 886 reniformibus,
709 833 889 886 capsula
913 832 1111 885 glabrata
1135 830 1261 872 ovata
1284 826 1430 880 calyce
1457 824 1528 865 vix
1560 821 1757 874 longiore
1776 819 1845 874 (ᾗ).

180 909 280 945 Hah.
303 908 343 943 in
360 907 507 942 Tauria
538 906 786 942 meridionali
806 893 964 950 (Stev'll,
994 905 1120 940 Ponto
1146 902 1284 938 Lazico
1309 899 1349 935 in
1380 897 1566 933 abietinis
1598 905 1719 941 supra
1741 893 1848 928 Kha—

133 956 308 993 backhar
327 955 417 1000 (Bal
431 957 459 999 !)
478 958 515 989 et
533 954 573 989 in
595 954 754 1000 regione
777 954 951 989 inferiori
969 953 1028 997 (C.
1043 951 1153 987 Koch
1167 952 1206 994 ἵ),
1229 947 1440 993 Mingrelia
1458 949 1495 980 et
1511 944 1635 980 Guria
1650 940 1847 987 (Ledebl),

131 1004 310 1040 {mereti-a
328 1003 500 1049 (Rupri).
519 1002 744 1048 Specirnina
761 1001 1011 1037 Anchariana
1030 1000 1193 1045 Syriaca
1208 1001 1245 1033 et
1260 997 1399 1032 Graeca
1420 994 1459 1029 in
1479 1002 1551 1028 Dc.
1573 991 1707 1026 Prodr.
1728 989 1848 1024 citata

132 1052 181 1088 ad
203 1052 299 1087 alias
320 1051 468 1097 species
488 1052 677 1096 spectant.

138 1115 310 1200 Tlfacies
354 1113 389 1149 V.
421 1112 657 1160 ἰμοῆηιίίάίε,
691 1113 967 1148 indumentum
1012 1110 1047 1145 V.
1080 1110 1217 1156 lapsuri
1257 1109 1294 1143 et
1351 1104 1387 1139 V.
1429 1101 1711 1140 malacotrz'clzz'
1747 1102 1847 1136 inter

196 1174 326 1210 apsus.

191 1263 259 1304 43.
279 1260 340 1303 V.
359 1257 799 1303 eriorrhabdon
817 1259 973 1313 (Boiss.
1001 1255 1207 1299 iuTchih.
1235 1255 1313 1297 As.
1347 1252 1447 1294 Min.
1472 1249 1510 1301 2,
1540 1264 1576 1304 p.
1599 1250 1643 1303 4)
1672 1248 1847 1298 bieune,

133 1323 227 1365 lana
251 1321 376 1362 nivea
401 1320 587 1362 floccosa
614 1319 786 1362 landem
811 1319 863 1360 ad
889 1318 987 1360 folia
1015 1321 1058 1358 et
1085 1316 1250 1358 caulem
1282 1312 1466 1355 decidua
1490 1310 1696 1357 obsitum,
1723 1308 1846 1349 caule

134 1382 278 1424 rarius
317 1380 357 1422 in
404 1391 623 1421 racemum
660 1378 901 1432 simplicem
940 1378 1102 1431 saepius
1140 1376 1182 1417 iu
1221 1373 1465 1428 paniculam
1501 1370 1697 1412 abeunt.
1735 1368 1849 1409 soliis

133 1440 370 1484 crenulatis
401 1440 470 1481 vel
496 1439 679 1492 integris
716 1437 1001 1480 inferioribus
1036 1436 1175 1478 ovatis
1216 1434 1282 1476 vel
1317 1431 1516 1484 oblongis
1559 1430 1601 1471 in
1637 1427 1847 1481 petiolum

134 1500 328 1542 breviter
370 1499 629 1540 attenuatis.
675 1497 981 1551 superioribus
1030 1495 1261 1538 sessilibus
1307 1489 1555 1533 rotundatis
1598 1487 1666 1529 vel
1714 1486 1848 1528 semi-

131 1558 538 1613 amplexicanlibus,
562 1557 720 1599 florum
747 1557 963 1599 fasciculis
991 1556 1164 1597 bractea
1187 1551 1337 1595 lineari
1363 1549 1556 1593 suffultis
1581 1548 1622 1589 in
1649 1558 1850 1589 racemos

133 1620 283 1672 longos
329 1618 595 1660 laxiuscnlos
638 1617 886 1671 dispositis,
930 1614 1149 1669 pedicellis
1192 1611 1326 1665 calyci
1368 1608 1651 1663 aeqnilougis,
1699 1606 1848 1658 calyce

135 1678 389 1730 bombycino
430 1677 602 1719 landem
643 1676 838 1729 glabrato
877 1676 924 1731 (⁹2
966 1675 1102 1717 lineas
1133 1674 1278 1726 longo)
1318 1671 1373 1712 ad
1415 1669 1538 1712 basin
1580 1668 1620 1709 iu
1667 1666 1848 1708 lacinias

133 1741 316 1790 auguste
357 1737 546 1779 lineares
592 1737 768 1790 partito,
806 1736 967 1778 corolla
1013 1736 1145 1788 parva
1189 1732 1322 1779 flava,
1373 1727 1607 1772 filamentis
1658 1725 1846 1768 flavido-

132 1797 310 1841 lanatiS.
352 1796 532 1850 capsula
583 1797 768 1848 oblonga
824 1795 1127 1837 umcrouulala
1175 1791 1320 1843 calyce
1377 1786 1729 1842 sesquilongiore
1773 1784 1842 1839 (a).

138 1857 176 1899 V.
194 1855 448 1898 schneider-23
466 1860 509 1898 et
531 1856 570 1898 V.
586 1855 773 1907 alpestre
797 1856 935 1898 Boiss.
958 1859 1000 1896 et
1018 1853 1205 1896 Haussk.
1225 1846 1337 1893 Mssj
1354 1857 1414 1880 —x
1430 1848 1470 1891 V.
1492 1843 1850 1897 inamosepawm

130 1914 267 1958 Boiss.
294 1919 336 1958 et
363 1916 445 1969 Ky.
475 1916 632 1971 (forma
660 1915 928 1958 autumnalis
952 1912 1185 1966 elongata‘).
1222 1934 1264 1940 -
1294 1909 1332 1951 V.
1355 1917 1630 1964 θῶμαι-ῥυῇ]
1656 1904 1700 1947 C.
1728 1903 1847 1945 Koch

133 1974 256 2018 Linu.
282 1975 444 2018 XXIII.
475 1988 516 2030 p.
545 1973 644 2017 581.

176 2050 277 2085 Hab.
309 2051 348 2085 in
380 2050 571 2097 Bithynia
605 2050 662 2095 (C.
701 2049 857 2095 Kochl),
893 2050 932 2084 in
970 2047 1244 2095 Paphlagonia
1280 2045 1332 2081 ad
1369 2043 1623 2079 Cerasontem
1659 2039 1853 2086 (Tchihl),

130 2098 318 2133 Cataonia
336 2098 374 2132 in
395 2101 527 2134 monte
555 2097 783 2144 Berytdagh
812 2096 1045 2142 (Haussknj,
1074 2096 1176 2131 circa
1195 2094 1309 2129 Bitlis
1338 2092 1425 2138 <Ky.
1455 2090 1576 2133 7201),
1604 2088 1654 2124 ad
1682 2086 1853 2123 Arablar

129 2155 249 2192 prope
269 2145 452 2181 Marasch
471 2146 653 2192 (Haussk
668 2148 705 2191 l).

186 2212 232 2265 β.
264 2212 473 2254 t'nsztlare.
504 2237 557 2243 —-
585 2212 800 2255 Omnibus
827 2211 1025 2266 partibus
1053 2211 1207 2263 majus,
1253 2206 1478 2261 tripedale,
1521 2202 1713 2247 fasciculi
1740 2200 1852 2242 mul-

131 2271 259 2314 tiflori
288 2295 344 2301 —
378 2271 414 2313 V.
440 2272 641 2314 'lucidare
668 2272 805 2314 Boiss.
833 2276 875 2314 et
902 2270 1048 2312 Heldr.
1084 2269 1242 2322 Diagu.
1278 2267 1371 2310 Ser.
1399 2267 1428 2314 Ι,
1469 2265 1533 2315 12,
1569 2278 1609 2318 p.
1642 2263 1712 2305 lli.

180 2346 280 2382 Hab.
299 2347 338 2382 in
359 2347 489 2383 insul-:t
508 2348 616 2383 lacus
636 2347 843 2394 Beychehr
864 2346 1022 2383 Pisidiae
1045 2344 1234 2389 (Heldrl).

178 2412 332 2467 Species
364 2414 597 2450 indumento
631 2416 668 2449 et
699 2413 991 2449 characteribus
1029 2412 1158 2447 affinis
1210 2409 1244 2445 V.
1275 2408 1529 2456 yrzaplzalode
1559 2419 1580 2443 a
1613 2415 1690 2452 quo
1721 2404 1852 2440 differt

131 2459 278 2506 calycls
292 2461 444 2497 laciniis
464 2464 632 2507 anguste
648 2461 879 2506 linearibus,
899 2459 1142 2507 capsulaque
1171 2456 1581 2504 oblongo-cylindrica
1595 2456 1617 2491 3
1634 2454 1702 2489 lin.
1721 2453 1853 2498 longa.

162 2580 258 2645 ‘44
274 2579 335 2621 V.
354 2579 1053 2634 pycnostachyumffloiss.
1072 2582 1113 2620 et
1129 2577 1277 2619 Heldr.
1299 2576 1449 2629 Diagu.
1464 2575 1559 2617 Ser.
1583 2574 1614 2619 Ι,
1635 2570 1705 2620 12,
1723 2585 1761 2626 p.
1777 2573 1797 2614 1
1813 2570 1855 2626 1)

132 2637 302 2683 bieune,
330 2643 466 2682 lotum
495 2644 686 2682 tomento
721 2640 822 2682 albo
848 2652 934 2681 non
959 2637 1159 2680 detersili
1194 2638 1329 2679 deuse
1357 2645 1613 2689 pannosum,
1642 2632 1856 2686 panicula).

132 2709 263 2762 ranns
287 2699 504 2752 congestis
543 2699 800 2741 lateralibus
839 2698 1050 2740 brevibus
1090 2697 1308 2739 terminali
1344 2695 1557 2747 elongato,
1595 2692 1708 2734 foliis
1749 2691 1852 2732 sub-

131 2757 310 2823 integris
339 2758 534 2810 oblongis
561 2757 846 2800 inferioribus
873 2758 914 2799 iu
947 2758 1155 2811 petiolum
1182 2756 1358 2798 brevem
1385 2752 1638 2801 attenuatis,
1667 2750 1856 2793 caulinis

131 2815 296 2881 crebris
326 2817 565 2859 imbricatis
595 2829 752 2860 versus
776 2817 898 2860 basin
928 2817 1140 2870 paniculae
1160 2815 1324 2858 sensim
1348 2813 1574 2855 diminutis
1592 2809 1856 2854 acuminatis

132 2873 222 2916 basn
243 2876 497 2918 auriculalis
524 2876 744 2918 interdum
774 2877 968 2919 breviter
997 2875 1357 2922 decurrentibus,
1385 2871 1604 2914 fasciculis
1624 2868 1856 2912 2·3-ssoris

130 2932 263 3000 dense
283 2935 528 2995 racemosis.
558 2935 780 2990 podicellis
799 2937 943 2989 calyce
966 2934 1260 2976 brevioribus.
1279 2934 1425 2986 calyce
1447 2931 1584 2974 dense
1606 2932 1854 2972 tomenloso

131 2989 177 3048 (3
205 2993 340 3036 lineas
376 2994 521 3048 longo)
556 2997 685 3049 paulo
726 2995 836 3037 iul'ra
875 2995 1066 3037 medium
1101 2995 1142 3036 in
1190 2993 1366 3035 lacinias
1401 2991 1696 3042 triangulares
1735 2988 1838 3030 fisso
