2065 3271
103 223 300 264 sidericis.
876 230 1075 257 LABIATAE.
1753 221 1824 259 713

170 308 237 348 20.
272 303 324 347 S.
365 299 734 345 condensata
769 300 932 354 (Boiss.
963 305 1005 344 et
1033 301 1183 343 Heldr.
1216 301 1369 354 Diagn.
1402 299 1495 342 Ser.
1519 300 1550 351 I,
1582 302 1651 350 12,
1680 313 1716 356 p.
1746 303 1820 358 Ἡ)

106 365 200 409 basi
238 363 441 406 indurata
477 360 623 414 patule
661 363 702 400 et
739 360 935 402 breviter
968 361 1158 402 lanatula
1200 359 1377 402 sordide
1416 359 1579 408 virens,
1622 359 1820 403 caulibus

103 424 265 467 erectis
296 419 567 474 simplicibus
610 419 677 461 vel
716 430 908 472 superne
939 420 1136 473 opposite
1177 419 1363 460 ramosis
1399 419 1670 472 paniculatis‚
1711 419 1822 462 soliis

108 481 304 535 oblongis
341 484 383 522 et
412 479 867 530 oblongo-lanceolalis
907 477 1361 522 reticulato-nervosis
1398 482 1551 530 argute
1590 478 1821 520 serrulatis

102 541 258 585 acutis
282 539 445 582 infimis
473 538 556 579 cilo
580 537 807 580 exsiccatis
836 538 878 578 in
908 538 1117 593 petiolum
1152 538 1388 579 attenuatis
1415 537 1723 591 superioribus
1761 538 1819 579 ri-

105 600 216 655 gidis
252 597 566 654 pungentibuS‚
605 596 927 638 verticillaslris
969 595 1172 638 omnibus
1212 595 1254 637 in
1284 596 1473 648 capitula
1508 596 1690 648 oblongi
1724 607 1822 637 con·

107 658 315 705 densatis
360 657 472 699 foliis
520 654 744 697 floralibus
787 656 887 697 cord
896 659 981 698 ilo
987 654 1239 696 orbiculatis
1289 655 1446 696 cilialis
1490 656 1732 697 reticulatis
1775 656 1818 698 in

102 717 330 772 cuspidem
355 719 531 758 tenuem
559 715 725 767 calyces
750 718 1032 767 superantem
1055 713 1367 767 abruptissime
1394 714 1672 762 abeuntibus,
1705 713 1818 766 caly-

105 776 166 819 cis
197 775 353 818 hirsuti
384 774 588 817 dentibus
616 773 865 814 lanceolatis
899 773 1157 815 acuminatis
1187 772 1569 827 subpungeutibus
1600 772 1704 814 tubo
1731 785 1820 815 ses-

104 834 481 891 quibrevioribus.
507 833 681 874 corollae
706 832 832 874 luteae
861 832 965 874 tubo
992 832 1159 874 incluso
1196 838 1255 878 236.

153 907 253 943 Hab
286 909 325 943 in
368 907 527 952 regione
556 905 730 941 inferiori
765 904 887 940 Tauri
923 905 1136 951 Pamphyli
1176 905 1278 941 inter
1313 904 1438 940 Marla
1476 907 1514 940 et
1547 905 1688 941 Adalia
1724 906 1826 943 1030·

105 953 359 1000 (Helen-01⁴1
375 953 495 989 Julio

152 1011 292 1057 sesqui
324 1009 387 1045 vel
419 1008 629 1091 bipedalis,
663 1007 760 1044 folia
792 1008 1025 1043 intermedia
1052 1008 1162 1052 1²s2-2>
1164 1008 1384 1055 p-ollicaria
1415 1007 1480 1043 ‹3·7
1513 1008 1616 1052 lata,
1655 1010 1825 1056 capitula

101 1061 306 1105 compacta
328 1059 346 1093 1
352 1057 406 1093 --2
395 1067 460 1103 -po
481 1056 572 1091 lices
596 1055 727 1101 longa.
758 1055 905 1100 calyx'
893 1069 914 1090 4
934 1055 1059 1091 lineas
1083 1056 1238 1101 longus.
1271 1056 1426 1102 Species
1449 1056 1554 1091 foliis
1576 1060 1710 1102 argute
1735 1057 1827 1093 den-

105 1107 193 1141 tatis
197 1069 403 1140 pdistincta
425 1104 456 1140 S
487 1102 722 1139 Lzbanotica
740 1094 921 1138 eodem
898 1103 1043 1148 gaudet
1059 1103 1279 1139 charactere
1294 1103 1362 1139 sed
1377 1103 1492 1139 flores
1512 1104 1677 1139 dimidio
1697 1105 1824 1140 mino-

107 1163 168 1190 res
189 1156 226 1188 et
246 1151 544 1188 verticillastros
564 1150 725 1186 dissitos
747 1150 876 1186 habet.

167 1219 209 1274 β.
255 1217 560 1271 procumbens.
608 1241 663 1246 —
704 1216 811 1259 Tota
854 1216 1065 1270 adpresse
1105 1217 1502 1269 araneoso-grisea.
1543 1218 1688 1260 caules
1726 1217 1824 1260 bre-

107 1280 256 1322 viores
284 1277 572 1320 ascendeules
598 1276 664 1318 vel
698 1276 791 1318 basi
820 1275 1169 1329 procumbentes
1192 1277 1323 1330 spicae
1346 1276 1437 1318 basi
1465 1276 1738 1333 interruptae.
1766 1301 1823 1310 —

109 1337 152 1380 S.
187 1337 376 1380 Taurica
403 1348 496 1378 var.
518 1334 811 1388 procumbens
837 1335 992 1388 Diagu.
1023 1335 1096 1378 loc.
1124 1336 1192 1378 cit.
1224 1349 1263 1390 p.
1292 1334 1361 1377 71.

153 1411 256 1447 Hab.
276 1411 314 1446 in
335 1411 497 1446 saxonis
516 1409 688 1454 regionis
716 1408 938 1455 subalpinae
957 1408 1078 1444 Tauri
1108 1409 1324 1456 Pamphyli
1350 1409 1451 1446 inter
1470 1411 1510 1446 M
1524 1412 1596 1446 irla
1623 1414 1659 1446 et
1683 1411 1824 1447 Adalia

103 1459 210 1496 4000'
231 1457 376 1503 (Heldr
390 1459 427 1502 l),
446 1458 485 1492 in
507 1456 655 1492 Cilicici
675 1456 851 1492 Trachea
872 1466 991 1503 prope
1012 1458 1191 1493 Anamur
1209 1458 1345 1502 (Peri).

154 1522 214 1558 Ob
234 1521 329 1557 folia
345 1525 482 1566 argute
501 1519 741 1556 denticulata
765 1519 855 1555 huic
879 1519 1008 1566 potius
1029 1530 1151 1566 quam
1171 1521 1208 1557 S.
1234 1520 1419 1557 Tauricae
1439 1520 1748 1557 adnumeranda

164 1623 230 1668 21
268 1624 306 1668 S
354 1622 572 1666 stricta
607 1621 766 1673 (Βοὶ33.
798 1626 840 1664 et
866 1622 1018 1665 Heldr
1053 1623 1207 1676 Diagn.
1252 1621 1345 1664 Ser
1373 1622 1405 1675 I,
1442 1624 1508 1665 102.
1550 1635 1587 1676 p.
1621 1622 1695 1676 7³.)
1731 1623 1823 1666 basi

103 1684 425 1728 suffrutescens
467 1681 720 1734 pluricaulis
767 1687 928 1735 praeler
962 1694 1107 1724 ramos
1145 1682 1320 1724 steriles
1358 1694 1456 1724 cum
1494 1682 1605 1725 foliis
1641 1682 1821 1726 villosos

104 1755 233 1799 parce
256 1743 426 1786 hirsuta
456 1741 552 1783 laete
579 1740 750 1782 viridis.
774 1741 973 1784 caulibus
997 1741 1155 1783 ereclis
1185 1741 1470 1794 simplicibus,
1496 1742 1819 1784 verticillastris

103 1807 266 1858 praeter
297 1802 495 1844 infimum
531 1811 646 1853 saepe
688 1800 992 1842 subremotum
1037 1801 1078 1843 iu
1119 1800 1261 1854 spicas
1299 1800 1448 1853 longas
1488 1801 1819 1855 approximatis,

103 1862 216 1905 foliis
245 1871 464 1904 ramorum
493 1858 710 1901 sterilium
732 1860 934 1913 ellipticis
953 1860 1101 1914 parvis
1122 1860 1391 1913 longiuscule
1413 1860 1627 1913 petiolatis
1648 1860 1818 1902 czeteris

104 1920 346 1964 linearibus
375 1917 524 1971 rigidis
546 1922 701 1972 argute
724 1919 1002 1962 denticulatis
1035 1919 1572 1972 spinalliso-mucronatis,
1601 1919 1712 1961 foliis
1742 1920 1817 1961 llo-

105 1980 271 2023 ralibus
299 1977 641 2020 membranaceis
673 1978 873 2020 concavis
911 1978 1151 2021 reticulatis
1186 1978 1432 2021 virentibus
1461 1979 1616 2020 ciliatis
1646 1979 1818 2032 calyces

103 2037 421 2082 occultantibus
449 2037 634 2091 abrupte
667 2041 709 2079 et
747 2037 1008 2082 brevissime
1036 2037 1311 2080 acuminatis
1347 2038 1506 2091 calycis
1532 2038 1818 2089 glabriusculi

105 2098 310 2141 dentibus
352 2097 505 2139 ciliatis
548 2096 798 2139 lanceolatis
830 2097 971 2139 acutis
1006 2096 1110 2139 tubo
1145 2097 1277 2151 duplo
1315 2097 1609 2140 brevioribus.
1654 2096 1823 2138 corollae

104 2157 231 2201 luteae
256 2157 361 2200 tubo
383 2156 638 2198 subincluso
678 2162 738 2202 26.

104 2230 520 2323 aefflalffiiinlgrussicetis
542 2229 686 2276 apricis
705 2229 825 2266 Tauri
853 2229 1070 2277 Pamphyli
1088 2229 1139 2266 ad
1159 2230 1331 2267 Ormana
1350 2231 1451 2267 inter
1475 2231 1604 2267 Marla
1623 2233 1660 2266 et
1680 2231 1821 2268 Adalia

290 2289 308 2313 e
357 2289 373 2313 r

152 2343 307 2378 Pedalis
328 2345 364 2378 et
383 2342 533 2385 elatior,
552 2341 647 2377 folia
663 2341 820 2377 caulina
842 2342 880 2377 1-
883 2341 922 2377 2·
910 2341 1181 2388 ·pollicaria3·
1184 2343 1207 2378 4
1231 2343 1355 2378 lineas
1374 2342 1469 2386 lata,
1491 2342 1607 2389 spicae
1625 2342 1822 2389 2-6-p-0111-

105 2400 222 2426 cares
241 2389 362 2426 Foliis
382 2371 561 2432 anoust'is
580 2391 739 2425 serratis
759 2389 886 2425 affinis
899 2389 937 2425 S
954 2388 1209 2434 Lzbanotzcae,
1227 2390 1296 2426 sed
1312 2392 1455 2437 praeter
1473 2389 1605 2425 caules
1623 2389 1821 2436 simplices

105 2439 142 2473 et
172 2438 467 2474 verticillastros
497 2437 798 2483 approximatos
832 2436 962 2472 differt
990 2437 1158 2473 bracteis
1193 2437 1317 2473 inulto
1352 2437 1569 2482 majoribus
1599 2437 1638 2473 8
1643 2439 1664 2468 Ἰ
1697 2438 1820 2472 lineas

104 2483 235 2530 longis
256 2488 374 2532 atque
396 2484 505 2523 latis·
525 2494 545 2519 a
569 2483 611 2520 S.
633 2481 879 2520 condensata
899 2483 1087 2520 foliorum
1105 2485 1231 2520 forma
1250 2489 1287 2521 et
1308 2485 1475 2520 bracteis
1497 2485 1660 2529 magnis.
1694 2485 1784 2531 Spic
1788 2495 1820 2520 :e

105 2533 300 2568 continuae
334 2534 375 2568 ut
400 2533 440 2567 in
476 2513 513 2568 S.
546 2529 728 2568 Tauricae
761 2532 911 2578 formis,
949 2532 1019 2568 sed
1053 2533 1094 2568 in
1126 2532 1198 2568 hac
1228 2532 1323 2568 folia
1354 2532 1531 2568 obsolete
1563 2536 1721 2567 crenata
1752 2542 1823 2568 uec

105 2582 264 2615 serrata.

166 2681 239 2722 22.
273 2679 324 2724 S.
360 2677 671 2734 pullulans
717 2677 863 2732 (Vent.
903 2678 1025 2720 Hort.
1059 2678 1158 2722 Cels
1197 2679 1289 2721 tab.
1331 2680 1408 2733 98)
1446 2679 1614 2722 inferne
1658 2679 1824 2732 griseo·

108 2738 333 2782 sublanata
371 2749 564 2791 superne
596 2736 1044 2791 pubescenti-viscida
1075 2738 1235 2788 virens,
1269 2740 1468 2782 caulibus
1498 2738 1662 2780 crassis
1697 2739 1823 2780 elatis

107 2799 303 2853 opposite
326 2802 368 2840 et
386 2797 535 2840 stricte
560 2796 889 2846 ramosissimis,
919 2798 1239 2840 verticillastris
1260 2799 1509 2840 numerosis
1532 2798 1595 2839 vel
1620 2797 1823 2840 omnibus

108 2857 372 2901 distantibus
397 2857 465 2898 vel
493 2855 801 2909 superioribus
833 2856 1124 2899 condensatis.
1156 2857 1268 2900 foliis
1309 2857 1459 2911 rigidis
1500 2857 1625 2899 valde
1665 2857 1823 2898 reticu-

109 2915 204 2959 latis
238 2915 717 2960 crenatc-denticulatis
753 2914 872 2968 apice
910 2915 1150 2969 spinulosis
1179 2916 1659 2970 oblongo-lanceolatis,
1692 2916 1815 2957 flora-

107 2976 220 3020 libus
248 2974 572 3018 uervosissimis
613 2974 956 3017 membranaceis
994 2975 1150 3017 ciliatis
1178 2975 1520 3018 suborbiculatis
1560 2979 1820 3018 transverse

1635 3050 1681 3084 40·
