2100 3262
312 200 387 238 692
1090 206 1291 233 LABIATAE.
1812 195 2022 235 anello,

314 281 478 318 ditionis
496 290 519 315 a
538 278 705 316 Graecia!
733 278 782 314 ad
808 277 962 324 Syriam
991 277 1202 314 littoralem
1231 280 1269 313 et
1299 276 1497 313 Libanum
1529 275 1612 320 (Bll
1640 271 1791 321 Gaium,
1816 278 2022 323 regionem

316 319 567 365 Caucasicam
580 329 599 372 l,
618 325 793 362 Persiam
813 325 1011 361 borealem
1030 324 1159 370 (Auch
1175 328 1182 358 ἒ
1202 323 1372 369 Buhsel)

375 397 421 449 β.
451 394 629 439 Cretica.
648 418 702 424 -—
719 392 903 442 PusiHa,
928 405 1084 445 macra,
1103 392 1261 446 calycis
1280 390 1444 434 labium
1464 390 1671 443 superius
1690 390 2015 444 subintegrum.

362 469 464 505 Hah.
486 470 526 504 in
546 467 737 515 quercetis
760 465 1086 502 meridionalibus
1105 466 1251 502 montis
1269 465 1336 501 Ida
1353 474 1474 510 supra
1490 463 1629 499 Vorisa
1648 463 1840 510 (Heldrl).

361 533 422 568 Ar.
448 531 579 576 Geoqr.
618 530 775 575 Europa
799 530 938 571 omnis,
970 529 1125 571 Sibiria,
1157 528 1337 575 Japonia,
1368 527 1505 570 China,
1537 526 1647 563 India
1673 526 1855 572 borealis,
1884 527 2021 565 Africa

316 577 500 621 borealis,
518 578 633 614 Nova
653 576 881 622 Hollandia,
898 577 1079 612 America
1096 575 1279 611 borealis.

378 697 416 737 ⁴2.
448 694 509 737 B.
554 694 692 737 alba
729 692 857 749 (Pall.
896 706 962 747 ap.
1002 693 1106 735 ΜΒ.
1143 693 1272 735 Taur.
1317 690 1440 735 flauo.
1477 691 1531 739 ΙΙ,
1564 705 1606 747 p.
1638 692 1715 748 67)
1752 693 2019 746 pubescens,

315 754 462 798 radice
488 757 680 807 repe-nte,
706 752 903 796 caulibus
927 752 1266 795 ascendentibus
1286 750 1474 805 pustulis,
1501 751 1611 794 foliis
1636 751 1854 806 petiolatis
1877 753 2020 793 ovatis

317 814 385 856 vel
413 813 610 864 oblongis
649 811 931 854 inferioribus
960 811 1141 864 integris
1181 810 1484 863 superioribus
1519 811 1680 864 saepius
1720 810 1909 854 dentatis
1949 811 2019 852 vel

316 871 602 927 pinnatifidis,
626 872 745 924 spica
771 871 897 912 ovata
929 871 999 913 vel
1023 871 1222 922 oblonga,
1253 867 1437 912 bracteis
1468 869 1811 911 membranaceis
1846 868 2018 912 orbicu-

318 931 427 979 latis,
449 930 653 973 dentibus
679 929 776 972 labii
800 929 1042 982 superioris
1065 928 1246 982 calycini
1287 929 1369 971 late
1402 927 1542 970 ovatis
1579 928 1791 971 truncatis
1828 928 2016 982 abrupte

317 990 585 1032 mucronatis
611 988 833 1031 inferioris
857 988 1124 1038 lanceoIaHs,
1148 987 1308 1030 corolla
1329 987 1587 1030 ochroleuca
1610 986 1804 1029 breviter
1827 989 2020 1039 exserta,

316 1047 639 1091 filamentorum
665 1048 877 1101 majorum
906 1058 1112 1088 mucrone
1140 1050 1390 1088 antrorsuin
1416 1051 1594 1088 arcuato
1626 1051 1684 1094 36.
1724 1046 1773 1088 P.
1807 1044 2023 1087 laci-niam

316 1106 364 1149 L.
390 1106 462 1162 Sp.
490 1108 573 1149 837
599 1107 709 1149 excl.
741 1119 819 1149 var
843 1126 881 1166 y.
908 1130 962 1136 --
990 1106 1043 1148 Ic.
1077 1104 1195 1159 Jacq.
1221 1105 1382 1147 Austr.
1416 1104 1505 1156 tab.
1532 1105 1631 1147 378.

364 1178 467 1216 Hab.
488 1180 527 1215 in
549 1181 670 1221 siccis,
689 1179 739 1214 ad
758 1179 864 1225 ripas
884 1178 1103 1225 praesertim
1123 1180 1163 1213 in
1184 1178 1344 1222 regione
1362 1179 1553 1213 montana
1569 1181 1607 1212 et
1625 1176 1849 1224 subalpina,
1869 1177 2019 1224 Zacyn-

317 1225 410 1262 thus
442 1227 598 1271 (Sibth.,
625 1226 784 1271 Margi),
815 1235 928 1261 mons
959 1225 1117 1261 Malevo
1147 1224 1327 1261 Laconiae
1367 1224 1540 1271 (Orphl).
1578 1224 1773 1271 Olympus
1803 1224 2024 1261 Thessalus.

318 1273 514 1320 (Heldrl),
546 1284 658 1309 mons
690 1272 884 1308 Korthiati
916 1272 1155 1308 Macedoniae
1188 1271 1365 1318 (Orph!),
1395 1271 1578 1317 Byzantii
1606 1272 1761 1315 (Simu,
1790 1272 1965 1308 Wiedem
1980 1275 2018 1317 ¹),

317 1321 505 1356 Anatolia
525 1320 697 1357 borealis
713 1320 778 1364 (W
783 1319 844 1354 ied
854 1319 1067 1365 !)‚‘Tauria,
1080 1320 1279 1355 Caucasus
1297 1324 1335 1355 et
1352 1319 1658 1355 Transcaucasia
1673 1319 1868 1365 (Ledeb.)‚
1887 1319 2023 1357 Persia

317 1365 491 1404 borealis
511 1367 645 1412 (Szovl
666 1366 847 1411 Buhset).

362 1435 428 1470 Ar.
451 1434 583 1479 Geoqr.
613 1432 771 1479 Europa
798 1432 928 1468 media
952 1434 989 1467 et
1017 1430 1201 1467 australis
1229 1442 1251 1467 a
1281 1430 1419 1477 Belgio
1448 1433 1486 1467 et
1510 1431 1722 1467 Germania
1746 1431 1797 1468 ad
1822 1432 2025 1478 regionem

316 1482 356 1516 et
372 1480 557 1517 Rossiam
579 1479 888 1523 meridionalem,
908 1479 1039 1515 Africa
1058 1478 1237 1515 borealis.

378 1597 417 1640 3.
466 1599 522 1640 Β.
572 1594 949 1651 grandiflora
995 1595 1186 1650 (Maencli
1232 1594 1357 1639 Meth.
1397 1607 1436 1649 p.
1481 1593 1592 1651 414)
1631 1595 1909 1650 glabrescens
1950 1596 2022 1639 vel

319 1667 448 1710 parce
473 1660 516 1698 et
545 1655 710 1697 minute
734 1656 859 1703 hirta,
887 1655 1032 1698 radice
1062 1658 1254 1708 repente,
1287 1654 1483 1697 caulibus
1518 1655 1871 1705 ascendentibus,
1906 1654 2023 1698 foliis

319 1715 536 1769 petiolatis
563 1713 908 1768 ovato-oblongis
931 1714 1228 1766 integerrimis
1250 1713 1393 1757 rarius
1415 1714 1606 1770 dentatis
1636 1714 1701 1756 vel
1728 1713 2016 1767 pinmtiiidis,

319 1774 439 1828 spica
473 1776 599 1816 ovata
640 1773 702 1816 vel
738 1773 934 1825 oblonga.
976 1774 1163 1816 bracteis
1197 1772 1538 1815 membranaceis
1574 1773 1828 1816 orbiculatis
1864 1772 2023 1815 ciliatis

319 1833 561 1887 apiculatis,
589 1832 794 1875 dentibus
833 1833 931 1875 labii
967 1832 1211 1886 superioris
1249 1831 1428 1884 calycini
1463 1832 1549 1875 late
1580 1836 1623 1874 et
1659 1831 1915 1874 brevissime
1942 1831 2020 1874 tri·

318 1892 603 1945 angularibus
630 1892 896 1934 mucronatis
919 1891 1138 1933 inferioris
1163 1891 1426 1936 lanceolatis.
1445 1891 1604 1934 corolla
1625 1891 1811 1934 violacea
1830 1891 2019 1943 calycem

320 1949 453 2005 duplo
487 1954 738 2005 superante,
777 1950 1009 1993 filamentis
1038 1949 1211 1992 muticis
1249 1949 1518 2003 longioribus
1560 1951 1680 2004 apice
1715 1949 1843 2002 gibbo
1887 1961 2023 2003 parvo

317 2008 553 2053 instructis
586 2016 646 2057 26.
674 2009 727 2050 lc.
752 2009 874 2064 Jacq.
905 2010 1055 2052 Austr.
1080 2008 1164 2050 tab.
1192 2009 1289 2050 377.

366 2083 464 2119 Hab.
483 2084 523 2119 in
537 2084 660 2130 pratis
675 2084 875 2119 montanis
891 2084 1014 2127 siccis,
1030 2082 1216 2129 Bithynia
1233 2093 1355 2131 supra
1368 2082 1583 2119 Broussam
1600 2082 1767 2127 (Thirke
1782 2092 1828 2119 ex
1839 2081 2027 2126 Griseb.),

318 2128 520 2167 Caucasus
542 2130 753 2167 Orientalis
769 2130 876 2167 4300’
901 2131 1080 2177 (Ruprz).

364 2197 427 2233 Ar.
447 2198 579 2243 Geoqr.
608 2197 765 2243 Europa
784 2196 915 2231 media
934 2206 957 2230 a
978 2195 1106 2231 Dania
1124 2197 1162 2230 et
1181 2195 1327 2231 Gothia
1345 2195 1395 2231 ad
1413 2195 1598 2231 Rossiam
1617 2194 1799 2239 mediam,
1822 2192 2026 2230 Lusitania

317 2245 356 2279 et
377 2243 573 2291 Hispania
592 2244 763 2279 borealis
783 2245 820 2278 et
840 2243 979 2283 media,
1002 2242 1125 2287 ltalia,
1145 2242 1358 2287 Dalmatia,
1378 2243 1483 2288 regio
1502 2241 1753 2277 Danubialis.

367 2306 457 2343 Oba.
478 2306 525 2343 B.
546 2306 803 2354 hyssopz'folia
822 2305 875 2346 L„
893 2306 1041 2353 species
1059 2305 1311 2342 occidentalis
1329 2316 1486 2342 erronee
1506 2316 1553 2341 ex
1568 2305 1781 2342 Prodromo
1799 2303 1856 2340 Fl.
1876 2304 2026 2340 Graecae

317 2352 358 2388 in
379 2364 473 2400 agro
493 2355 713 2400 Byzantino
733 2353 937 2389 indicatur.

793 2516 1098 2566 MARnUsslml
1135 2517 1199 2576 (t.
1230 2518 1327 2566 Gen.
1359 2517 1415 2565 N⁰
1440 2517 1564 2577 721).

380 2659 512 2715 Calyx
555 2662 791 2704 tubulosus
830 2660 1161 2703 5-10-dentatus
1198 2660 1392 2715 aequalis.
1433 2659 1617 2703 Corollae
1654 2658 1786 2702 tubus
1826 2657 2032 2700 inclusus

320 2721 468 2762 rarius
506 2720 700 2762 breviter
735 2724 957 2769 exsertus,
998 2719 1158 2761 limbus
1200 2719 1432 2761 bilabiatus
1471 2718 1581 2761 labio
1615 2718 1843 2772 superiore
1881 2721 2026 2758 erecto

320 2777 385 2833 (in
411 2779 590 2833 nostris)
630 2783 780 2821 retuso
814 2778 881 2819 vel
924 2777 1072 2828 bifido,
1112 2778 1320 2820 inferiore
1355 2782 1529 2831 patente
1568 2778 1728 2820 trifido.
1770 2775 1962 2818 Stamina
1998 2775 2031 2815 4

321 2836 555 2892 didynama
582 2841 700 2879 recta
724 2836 930 2892 parallela
965 2837 1068 2879 tubo
1106 2837 1289 2888 inclusa,
1323 2837 1516 2880 antherae.
1551 2836 1820 2878 divaricatim
1860 2833 2022 2876 bilocu-

321 2895 449 2939 lares.
476 2896 627 2950 Stylus
647 2895 808 2938 bifidus
836 2894 944 2937 iobis
973 2895 1182 2938 brevibus
1204 2896 1386 2938 obtusis.
1417 2895 1597 2938 Nuculae
1623 2896 1742 2949 apice
1767 2894 1945 2937 obtusae.
1967 2913 2028 2921 ——

319 2954 479 2998 Herbae
503 2967 723 3011 perennes
747 2954 890 2997 rarius
912 2967 1079 2997 annuae.
