2065 3271
114 277 441 326 'Camphorosmoe
836 284 1106 312 SALSOLACEAE.
1748 282 1819 320 921

115 359 586 405 lanceolato-subulatis
619 360 754 402 multo
783 359 1078 411 brevioribus,
1108 360 1316 413 perigonii
1345 364 1518 407 omnino
1551 365 1676 419 pilosi
1706 365 1819 410 den·

111 421 231 463 tibus
254 418 507 462 lateralibus
533 418 798 470 longioribus
824 424 861 466 5.

158 493 258 530 Hah.
290 494 330 528 in
355 492 551 538 argillosis
578 493 771 528 subsalsis
803 492 961 528 Tauriae
993 492 1128 536 (Simu,
1162 491 1338 545 Reliml),
1369 507 1476 542 prov,
1510 499 1816 538 Caucasicarum

110 540 432 631 ἓὲῑὲζὸὲκξῗιείιε
452 540 533 574 bor.
551 540 591 574 in
610 550 718 586 prov.
737 539 885 576 Ghilan
904 538 1046 583 (Auch.
1064 539 1211 583 52611),
1234 550 1274 574 iii
1301 545 1547 589 rupestribus
1568 547 1617 581 ad
1641 546 1814 593 Ispahan

111 651 292 734 d‘gacties
311 653 472 687 omnino
493 650 531 687 C.
549 651 803 698 Monspelz'acz'
826 661 849 686 a
878 660 957 697 quo
985 650 1090 686 notis
1112 650 1291 686 indicatis
1315 663 1362 688 ex
1395 653 1439 690 cl.
1466 654 1603 703 Buiige
1630 657 1813 703 specifice

141 709 152 733 i
186 708 227 733 er
249 728 253 732 .

172 806 211 848 3.
248 805 300 847 C.
319 805 714 849 Ruthenicum
735 805 862 860 (ΜΒ.
889 805 1022 847 Taur.
1054 804 1182 849 Cauc.
1208 805 1278 856 ΙΙΙ,
1302 819 1342 860 p.
1378 809 1478 861 112)
1504 823 1693 863 perenne
1720 813 1810 858 basi

109 864 486 908 suffruticulosum
511 864 753 918 pubescens
780 877 802 906 a
833 865 925 906 basi
952 864 1296 906 ramosissimum
1323 867 1456 909 ramis
1479 869 1574 911 aliis
1598 871 1808 917 brevibus

107 924 335 977 cespitosis
357 922 615 965 densissime
643 926 686 964 et
707 923 990 965 fasciculatim
1016 923 1196 974 sol‘osis,
1223 922 1318 965 aliis
1345 924 1569 969 floralibus
1594 930 1806 982 elongatis

107 981 444 1025 ascendentibus
476 981 844 1034 subsimplicibus,
876 982 990 1024 soli1s
1015 981 1166 1034 rigidis
1198 982 1465 1026 abbreviatis
1503 985 1811 1033 lineari-subu-

109 1040 206 1083 latis
241 1039 527 1091 rectiusculis,
551 1040 694 1082 axillis
729 1040 861 1082 dense
895 1040 1217 1093 fasciculigeris‚
1253 1041 1434 1084 [loribus
1461 1043 1502 1085 in
1540 1045 1806 1097 glomcrulos

109 1100 267 1142 densos
292 1099 470 1142 sessiles
499 1102 648 1140 ovatos
672 1098 847 1141 dissitos
873 1099 995 1152 longe
1019 1099 1206 1151 spicatos
1231 1099 1455 1153 dispositis
1482 1102 1572 1145 fere
1602 1105 1806 1150 omnibus

109 1157 474 1211 hermaphroditis
508 1157 605 1199 folia
644 1156 811 1199 floralia
852 1162 978 1200 ovata
1020 1158 1176 1200 obtusa
1215 1159 1551 1211 superantibus,
1598 1164 1808 1217 perigoiiii

106 1216 234 1271 pilosi
261 1217 463 1259 dentibus
485 1215 823 1270 subaequilongis
845 1216 964 1270 apice
988 1216 1182 1259 breviter
1205 1217 1418 1261 villosuiis
1438 1226 1473 1267 5.

105 1292 254 1381 (ssHffib‘
284 1293 323 1327 iii
357 1291 504 1327 Tauria
545 1291 644 1326 circa
687 1291 858 1337 Perecop
898 1292 964 1335 (ex
1003 1291 1142 1337 Stev.),
1182 1291 1331 1327 ditione
1370 1293 1601 1340 Dagliestan
1645 1297 1810 1335 Caucasi

160 1349 202 1373 ec
218 1341 318 1383 ·ei·!).

151 1402 294 1438 Praeter
316 1405 429 1438 notas
451 1402 638 1437 indicatas
659 1401 789 1437 differt
802 1412 824 1436 a
841 1400 877 1437 C.
893 1400 1160 1448 Monspelz'aco
1183 1405 1220 1437 et
1237 1404 1402 1449 perenni
1414 1405 1632 1450 gracilitate
1650 1408 1811 1453 majore,

103 1449 211 1485 soliis
233 1450 485 1494 abbreviatis,
517 1449 679 1484 floribus
699 1452 735 1484 et
757 1449 988 1493 «glomeratis
1012 1449 1242 1485 milioribus.
1277 1449 1336 1485 Ex
1359 1461 1434 1487 am.
1457 1463 1480 1487 a
1497 1453 1635 1498 Bunge
1656 1455 1807 1500 species

103 1497 299 1543 distincta,
316 1507 364 1532 ex
386 1496 501 1532 claris
524 1496 667 1531 Steven
687 1498 724 1531 et
745 1495 998 1531 Transvetter
1017 1497 1185 1531 varietas
1206 1496 1244 1532 C.
1264 1496 1531 1545 Monspeliacz'.

150 1562 211 1597 Ar.
233 1561 363 1606 Geoqr.
392 1561 535 1596 Bossia
558 1559 690 1595 media
710 1561 747 1595 et
765 1559 960 1605 australis,
979 1559 1126 1595 Sibiria
1145 1559 1349 1596 Uralensis
1370 1565 1408 1598 et
1429 1563 1594 1599 Altaica.

164 1677 203 1717 4,
239 1676 290 1719 C.
322 1675 709 1731 polygamum
731 1673 902 1729 (Bunge
925 1674 968 1716 in
994 1674 1095 1729 litt.)
1131 1686 1324 1730 perenne
1357 1676 1447 1719 basi
1473 1678 1802 1725 suffraticosum

101 1734 294 1776 breviter
329 1739 372 1777 et
405 1735 613 1787 adpresse
648 1734 865 1776 hirsutum
902 1733 1034 1776 ramis
1062 1734 1287 1777 sterilibus
1320 1734 1528 1779 brevibus
1559 1740 1803 1792 cespitosis,

101 1793 306 1836 floriferis
338 1793 547 1845 elongatis
574 1791 925 1842 ascendentibus,
958 1792 1069 1835 foliis
1096 1793 1247 1846 rigidis
1277 1794 1668 1840 lineari-subulatis
1703 1799 1803 1842 bre-

103 1853 293 1895 vissimis
328 1853 472 1899 rectis,
509 1851 650 1893 axillis
689 1851 823 1893 dense
862 1852 1194 1905 fasciculigeris‚
1231 1850 1414 1896 floribus
1450 1855 1493 1896 in
1534 1856 1801 1908 glomerulos

101 1910 261 1954 densos
284 1912 460 1954 sessiles
479 1914 628 1953 ovatos
645 1910 768 1964 longe
792 1911 979 1964 spicatos
995 1910 1220 1964 dispositis
1245 1912 1482 1965 polygamis
1509 1915 1607 1956 folia
1636 1915 1802 1961 floralia

101 1973 224 2012 acuta
252 1969 575 2023 superantibus,
604 1969 814 2023 perigonii
848 1969 1132 2012 hirsutissimi
1168 1970 1371 2013 dentibus
1405 1972 1803 2027 subaequilongisfi.

149 2044 250 2080 Hal).
269 2045 309 2079 in
328 2046 441 2088 regni
461 2044 641 2080 Cabulici
664 2044 807 2090 alpinis
830 2044 879 2080 ad
898 2044 1002 2080 Erak
1024 2047 1062 2080 et
1082 2044 1227 2080 Kullou
1247 2045 1375 2090 (Griff.
1400 2057 1479 2083 exs.
1502 2048 1643 2094 17631),
1671 2050 1804 2088 Belut-

102 2092 211 2127 sebi-:i
230 2102 350 2138 prope
369 2090 572 2127 Doubund
590 2091 795 2136 (stocksl).

148 2155 263 2191 Facie
286 2155 535 2191 simillimum
561 2154 598 2190 C.
617 2154 833 2191 Raclienz‘co
859 2165 929 2201 pro
962 2164 1039 2201 quo
1068 2155 1142 2190 hoc
1168 2155 1277 2201 prius
1304 2155 1440 2192 habui.
1468 2159 1530 2194 An
1559 2159 1804 2198 characteres

105 2202 250 2247 quibus
272 2203 421 2248 species
440 2202 705 2249 praecedentes
725 2202 842 2248 hujus
862 2202 1013 2247 generis
1031 2202 1330 2248 distinguuntur
1350 2208 1411 2239 sat
1432 2205 1537 2241 firmi
1550 2209 1566 2242 ἲ)

162 2320 200 2362 5.
240 2319 295 2363 G.
326 2320 571 2361 ovatum
597 2317 682 2366 (W.
712 2318 761 2360 K.
789 2318 851 2360 Pl.
876 2330 960 2360 rar.
985 2317 1126 2371 Hung.
1151 2319 1182 2365 Ι.
1208 2333 1246 2372 p.
1274 2320 1344 2368 64,
1376 2321 1462 2364 tab.
1495 2323 1574 2376 63)
1605 2336 1802 2368 annuum

101 2379 264 2420 hirtum
295 2378 362 2419 vel
393 2378 578 2430 pilosum
604 2391 626 2419 a
659 2378 766 2419 collo
801 2377 983 2431 simplex
1019 2378 1084 2419 vel
1121 2391 1341 2421 ramosum
1377 2382 1510 2424 ramis
1547 2382 1800 2426 lateralibus

103 2436 475 2488 decumbentibus,
498 2438 620 2478 caule
644 2436 823 2478 ceiitrali
850 2437 915 2477 vel
943 2437 1067 2479 unico
1094 2441 1237 2480 erecto
1259 2439 1440 2492 virgato,
1463 2440 1576 2483 soliis
1603 2441 1800 2485 carnosis

103 2496 409 2549 angustissime
426 2495 828 2546 lineari-subulatis,
845 2495 985 2538 axillis
1007 2508 1091 2537 non
1112 2496 1425 2550 fasciculiferis,
1439 2499 1622 2543 floribus
1640 2504 1801 2543 tetran-

103 2555 194 2597 dris
218 2554 519 2608 glabriusciilis
558 2565 683 2596 secus
717 2554 907 2597 ramulos
934 2555 1139 2598 axillams
1175 2558 1562 2601 numerosissimos
1597 2560 1802 2601 termina-

104 2614 254 2669 lesque
295 2613 466 2656 foliosos
505 2613 644 2655 laxius
683 2612 953 2667 spicisormes
987 2614 1226 2668 dispositis,
1253 2615 1367 2659 foliis
1405 2617 1629 2659 floralibus
1675 2618 1804 2662 tiores

102 2672 426 2726 superantibus,
465 2672 674 2726 perigenii
714 2671 917 2715 dentibus
953 2673 1268 2716 obtusiusculis
1299 2679 1362 2726 Q).
1398 2675 1452 2719 Ic.
1498 2675 1611 2719 Nees
1654 2674 1798 2719 Germ.

102 2731 173 2785 fig.
210 2732 356 2774 15-16.

148 2804 247 2840 Hah.
263 2806 303 2840 in
322 2804 526 2852 paludosis
544 2805 670 2849 salsis,
690 2805 860 2840 Thracia
880 2804 1048 2841 borealis
1067 2816 1189 2853 prope
1210 2807 1423 2844 Karnabad
1441 2808 1631 2853 (Janknl).

147 2868 268 2903 Amic.
296 2880 318 2903 a
342 2869 479 2915 Bunge
517 2870 556 2904 in
586 2869 728 2904 littoris
760 2868 798 2905 C.
826 2879 1005 2905 annuum
1038 2870 1137 2906 Pali.
1169 2871 1229 2907 Ill.
1258 2882 1293 2918 p.
1323 2871 1378 2916 67,
1411 2872 1487 2907 tali.
1516 2872 1562 2908 58
1591 2882 1638 2908 ex
1666 2873 1805 2910 Bossia

94 2915 273 2969 australi,
303 2916 726 2970 Songaria‚oriundum
756 2917 918 2952 sso'rilius
948 2917 1104 2971 villosis
1137 2919 1372 2972 imbricatim
1403 2920 1578 2973 spicatiS‚
1611 2921 1805 2966 perigenii

99 2962 282 2998 <lentibus
301 2966 549 3008 acutissimis,
569 2963 800 2999 lateralibus
825 2974 1000 3000 recurvis
1019 2976 1041 3000 a
1062 2964 1098 3001 C.
1115 2970 1231 3002 ovato
1255 2966 1472 3012 distinguit.

145 3026 205 3061 Ar.
227 3026 358 3072 Geoqr.
386 3025 602 3073 Hungaria,
620 3026 925 3073 Transylvania,
946 3028 1087 3064 Rossia
1110 3029 1325 3065 australis?

1616 3094 1663 3130 59
