2100 3262
257 190 332 226 '720
1010 199 1211 227 LAB1A'1'AE.
1770 192 1961 242 stachys.

306 269 411 305 Hah.
432 270 471 305 in
492 268 680 315 Bithynia
697 268 864 312 (Thirke
879 271 916 315 1).

318 334 364 386 β.
396 333 674 376 condensata.
706 359 762 364 -
796 332 942 380 Cauiis
973 347 1192 386 ramosus,
1230 333 1538 383 verticillastra
1572 339 1732 390 praeter
1755 337 1965 384 inferiora

263 395 334 435 1-9
359 393 582 437 interdum
607 392 811 436 distantia
834 394 877 437 iu
906 394 1048 449 spicas
1075 395 1259 449 oblonga
1283 395 1562 437 condensata.

307 468 409 505 Hah.
428 468 528 504 circa
545 468 783 514 Byzantium
801 471 839 504 et
856 469 896 505 in
914 469 1101 505 Anatolia
1119 468 1268 505 boreali
1286 468 1387 504 eirca
1401 468 1513 516 Sojut
1530 468 1723 515 (Wiedem
1736 471 1778 516 l).

306 525 585 562 Indumentum
622 526 863 573 adpressum,
902 526 1033 562 caules
1064 526 1182 572 rigidi
1211 525 1524 573 1-1¹!2·pedales,
1555 525 1649 562 folia
1677 529 1846 571 angusta
1877 527 1968 564 basi.

260 575 462 610 attenuata
480 573 520 610 S.
543 572 714 610 Creticae.
747 574 903 621 Species
931 573 1225 620 quodammodo
1254 575 1374 611 etiam
1391 573 1431 610 S.
1450 572 1645 611 Orientali
1665 573 1794 609 affinis
1818 574 1887 610 sed
1914 574 1971 611 ab

260 619 630 704 ἓξιζὲἒὶέιέῗὲδίοέἔοίε
664 622 847 658 dentibus
883 621 1042 657 demum
1074 621 1456 668 patenti-recurvatis
1487 620 1717 666 longissime
1748 621 1971 668 spinulosis

322 769 371 810 9.
411 767 469 811 S.
523 767 876 811 Germanica
917 766 992 822 (L.
1038 767 1109 822 Sp.
1151 781 1190 822 p.
1231 765 1336 822 812)
1373 768 1580 821 perennis
1619 767 1752 810 dense
1790 770 1833 808 et
1869 768 1968 811 laxe

260 827 598 873 lanato-villosa,
629 826 825 869 caulibus
849 826 1121 880 simplicibus
1153 828 1220 869 vel
1261 838 1389 880 parce
1416 827 1615 874 ramosis,
1645 825 1962 869 verticillastris

260 887 516 930 multifloris
559 885 840 929 inferioribus
889 887 1067 928 remotis
1121 886 1426 940 superioribus
1472 885 1801 939 approximatis.
1850 885 1967 928 foliis

260 946 485 999 rugulosis
522 944 710 988 creuatis
746 944 1027 988 inferioribus
1066 945 1283 999 petiolatis
1319 945 1458 988 ovatis
1494 944 1697 996 cordatis,
1737 944 1969 987 floralibus

262 1004 515 1048 lanceolatis
563 1003 870 1047 verticillastro
920 1004 1287 1058 sublongioribus,
1333 1004 1490 1057 calycis
1531 1003 1672 1046 villosi
1712 1002 1964 1057 subobliqui

262 1063 468 1106 dentibus
485 1062 905 1116 triangulari-ovans
925 1063 1118 1107 breviter
1138 1063 1377 1117 spinulosis
1400 1063 1503 1107 tubo
1522 1063 1654 1117 dupio
1673 1061 1964 1110 brevioribus,

262 1123 434 1166 corollae
465 1132 700 1178 purpureae
742 1121 843 1165 tubo
879 1122 1131 1167 subincluso
1166 1123 1278 1165 labio
1314 1122 1544 1177 superiore
1584 1121 1753 1164 hirsuto
1791 1121 1965 1175 integro

263 1181 330 1224 vel
375 1185 525 1224 retuso
557 1188 614 1228 26.
659 1181 715 1222 Io.
757 1180 874 1234 Jacq.
914 1181 1066 1224 Austr.
1107 1182 1192 1224 tab.
1237 1182 1336 1223 319.
1370 1207 1396 1211 —
1451 1181 1586 1224 Rchb.
1626 1179 1676 1222 [c.
1718 1178 1803 1222 tab.
1837 1180 1879 1221 9.
1908 1201 1964 1213 —-

264 1238 304 1282 S.
341 1239 632 1294 polystaelma
669 1239 776 1282 Ten.
825 1239 932 1293 Nap.
978 1241 1059 1283 tab.
1104 1242 1171 1284 53.
1195 1263 1252 1269 —
1277 1239 1320 1282 S.
1368 1239 1564 1283 Reine'rti
1602 1238 1748 1283 Heldr.
1791 1251 1881 1282 exs.
1911 1262 1960 1270 «-

264 1299 304 1343 S.
334 1298 534 1341 Pisidica
567 1299 704 1341 Boiss
729 1303 771 1341 et
798 1298 945 1342 Heldr.
977 1300 1129 1353 Diagn.
1164 1298 1255 1342 Ser.
1295 1300 1327 1351 I,
1357 1301 1426 1351 12,
1460 1312 1500 1354 p.
1540 1300 1592 1341 75
1629 1298 1786 1354 [forma
1821 1297 1968 1340 laxius

264 1359 418 1402 villosa
444 1359 625 1413 virens).
654 1382 704 1388 -·
735 1357 775 1400 S.
806 1357 1004 1400 obtusam
1024 1358 1164 1402 Boiss.
1191 1360 1236 1402 in
1261 1359 1420 1412 Bourg.
1447 1370 1548 1401 exs.

309 1432 411 1468 Hab.
431 1432 468 1467 in
492 1433 613 1478 pratis
630 1432 741 1468 siccis
759 1434 795 1468 et
813 1433 854 1467 in
872 1433 1076 1478 sylvaticis
1095 1433 1265 1480 regionis
1287 1435 1486 1469 montanae
1507 1435 1546 1468 et
1570 1432 1806 1480 subalpinae,
1827 1431 1965 1479 Olym-

262 1490 337 1527 pus
373 1479 588 1514 Thessalus
621 1480 761 1523 (Auch.
798 1480 918 1523 1720!⁷
949 1480 1087 1516 Heldr!
1116 1480 1277 1528 Orph!)‚
1321 1480 1470 1516 Eubaea
1499 1480 1671 1525 (Wildl),
1704 1491 1817 1515 mons
1846 1479 1967 1525 Tym-

292 1526 432 1562 hrutus
451 1526 609 1562 OEtoliae
625 1527 732 1562 50)0‘
744 1527 867 1571 (Sam.
885 1529 921 1563 et
936 1528 1065 1564 Guicc.
1085 1529 1123 1564 in
1140 1528 1271 1563 Heldr.
1283 1527 1388 1563 herb.
1405 1528 1538 1563 Norm.
1553 1528 1670 1572 7433).
1684 1526 1916 1563 Macedonia
1930 1528 1972 1562 et-

299 1574 431 1609 hracia
457 1574 646 1619 (Griseb.)
669 1584 783 1610 mons
804 1574 958 1610 Davros
987 1575 1144 1610 Pisidiae
1165 1574 1350 1620 (Heldr!)‚
1378 1575 1563 1611 Anatolia
1589 1575 1760 1611 borealis
1789 1573 1995 1619 (Wiedl),⁷v

263 1621 412 1657 Pontus
431 1621 575 1665 (Tchih
591 1623 627 1666 l),
653 1621 800 1657 Pontus
820 1622 980 1658 Lazicus
999 1623 1050 1658 ad
1072 1622 1208 1669 Djimil
1231 1621 1371 1668 (Ball),
1391 1621 1591 1658 Caucasus
1609 1622 1781 1667 (Ledeb.‚
1802 1621 1912 1668 Rupr
1925 1624 1962 1666 1),

267 1668 425 1704 Tauriae
443 1670 599 1704 montes
621 1669 815 1713 (Rehmt).

324 1734 366 1786 β.
403 1732 641 1786 Bithynico
670 1758 719 1764 —
748 1733 932 1785 Pedalis‚
964 1734 1268 1779 indumentum
1296 1735 1461 1788 magnis
1493 1735 1742 1787 floccosum,
1773 1734 1872 1777 folia
1911 1735 1969 1784 la.-

263 1793 374 1836 tiora
415 1793 549 1845 magis
590 1794 777 1843 cordata,
822 1793 1115 1837 verticillastri
1154 1795 1280 1849 pauci
1326 1795 1368 1836 in
1408 1795 1568 1848 spicam
1609 1793 1835 1847 oblongam
1872 1793 1967 1835 basi

263 1851 555 1906 interruptam
584 1852 850 1903 condensati,
886 1853 984 1895 folia
1018 1852 1185 1896 floralia
1212 1854 1630 1898 ovato—subcordata.
1656 1876 1712 1883 —
1734 1852 1775 1896 S.
1805 1851 1962 1905 Bithy-

264 1910 365 1953 Πίσα
393 1910 531 1953 Boiss.
559 1911 708 1964 Diagn.
735 1911 826 1954 Ser.
855 1912 886 1965 Ι,
912 1914 935 1954 5
961 1926 1010 1967 p.
1044 1913 1111 1956 ⁶28.

312 1986 413 2021 Hah.
451 1987 491 2022 in
524 1987 714 2033 lapidosis
755 1987 927 2033 regionis
964 1987 1002 2023 al
1035 1989 1108 2024 inae
1146 1988 1307 2035 Olympi
1345 1987 1510 2033 Bithyni
1559 1997 1678 2034 supra
1714 1986 1970 2022 Kirkbounar*

264 2032 444 2079 (Boissl),
468 2034 614 2070 montis
632 2034 872 2081 Kitirlidagh
891 1999 1068 2080 (Pichfi).

328 2119 367 2158 y.
397 2099 645 2152 penicillum
673 2125 727 2131 —
752 2101 986 2152 Humssior,
1023 2102 1125 2144 solia
1164 2102 1331 2145 minora
1366 2101 1571 2144 inferiora
1607 2100 1841 2143 obscurius
1872 2110 1966 2143 cor-

266 2157 378 2210 data,
414 2159 580 2202 floralia
614 2159 796 2212 oblonga
830 2161 1000 2211 obtusa,
1032 2160 1326 2204 verticillastri
1363 2155 1606 2215 pauciores.
1638 2183 1691 2189 —
1715 2157 1754 2200 S.
1787 2157 1966 2211 penicil-

264 2217 352 2259 lata
375 2218 523 2260 Heldr.
553 2223 595 2260 et
623 2218 735 2261 Sat-t.
762 2220 805 2261 ln
839 2219 969 2262 Boiss.
1002 2220 1153 2273 Diagn.
1181 2219 1273 2262 Ser.
1299 2220 1350 2271 Π,
1375 2220 1402 2261 4
1423 2232 1461 2276 p.
1492 2220 1558 2260 37.
1587 2241 1632 2247 —
1664 2217 1704 2260 S.
1733 2215 1965 2259 ltalicoe'et

266 2276 306 2320 S.
330 2277 597 2330 dasycmtlees
619 2291 710 2319 var.
733 2279 875 2321 Boiss.
903 2284 945 2320 et
968 2278 1120 2321 Heldr.
1143 2278 1258 2321 olim.

314 2350 415 2386 Hah.
440 2351 479 2384 in
511 2352 662 2386 saxosis
692 2349 864 2396 regiOnis
893 2351 1114 2398 subalpinae
1141 2355 1178 2388 et
1203 2352 1348 2399 alpinae
1380 2351 1558 2398 Taygeti,
1590 2350 1787 2395 Chelmos‚
1812 2350 1971 2392 Olenos,

264 2397 465 2489 {gblgenes
484 2398 628 2434 montis
651 2399 795 2446 Delphi
815 2398 960 2435 Eubeae
982 2399 1172 2445 (Heldrt),
1193 2400 1376 2435 Parnassi
1408 2399 1564 2444 (Heldrl
1584 2398 1703 2445 Orph.
1726 2398 1782 2433 Fl.
1803 2398 1867 2433 Gr.
1887 2407 1968 2432 exs.

312 2499 408 2535 Haec
428 2499 553 2535 forma
570 2501 611 2536 in
628 2501 785 2547 Aprutii
803 2505 934 2537 monte
951 2501 1132 2537 Morrone
1151 2511 1307 2548 quoque
1324 2502 1471 2537 crescit.

327 2564 363 2608 ὃ.
399 2563 678 2606 intermedia.
706 2589 764 2596 —
790 2565 949 2609 Elatior
995 2578 1180 2617 ramosa,
1223 2564 1515 2608 verticillastri
1556 2564 1689 2617 magis
1730 2562 1883 2605 dissiti.
1908 2584 1966 2592 —

265 2622 306 2666 S.
330 2621 493 2675 Alpina
523 2636 611 2665 var.
649 2623 909 2666 intermedia
933 2624 1024 2667 Bth.
1060 2626 1104 2667 in
1128 2637 1207 2668 uc.
1241 2624 1402 2666 Prodr.
1437 2648 1486 2653 -—
1511 2623 1553 2666 S.
1584 2621 1846 2664 intermedia
1877 2621 1962 2663 Ait.

267 2683 374 2725 Kew
402 2683 426 2723 2
464 2695 505 2734 p.
553 2684 652 2724 201.
680 2706 734 2714 -
760 2683 800 2726 S.
834 2682 1024 2725 Sibirica
1056 2684 1164 2725 Link
1202 2684 1357 2725 Enum.
1399 2682 1448 2729 ΙΙ,
1491 2696 1528 2737 p.
1560 2681 1660 2724 409.
1686 2706 1738 2712 —-
1766 2680 1807 2723 S.
1840 2691 1968 2722 rosea

267 2741 435 2784 Hohen.
468 2740 624 2784 Enum.
654 2741 850 2796 Talysch.
875 2756 916 2797 p.
945 2741 1056 2785 240!

315 2814 418 2850 Hah.
448 2815 489 2850 in
514 2814 689 2850 Caucaso
712 2814 819 2859 (CA.
847 2815 982 2862 Mey.)‚
1009 2816 1048 2851 in
1073 2815 1252 2852 herbosis
1283 2815 1482 2851 montanis
1511 2813 1670 2850 ditionis
1698 2810 1967 2858 Elisabethpol

269 2861 450 2907 Gerogiae
473 2861 695 2897 Caucasicae
716 2862 873 2906 (Hohen
890 2864 928 2906 ἱ).

317 2917 549 2953 Indumento
577 2917 693 2963 longe
718 2921 754 2953 et
784 2918 915 2964 patule
942 2918 1076 2954 lanato
1106 2921 1143 2953 et
1175 2917 1454 2963 glandularum
1483 2916 1777 2952 inflorescentiae
1813 2914 1965 2949 defectu

269 2963 308 3000 S.
334 2964 588 3001 Ger-mamere
609 2969 649 3000 ut
671 2964 715 3000 cl.
736 2965 929 3000 Bentham
951 2966 1034 3012 ipse
1054 2965 1274 3012 suspicatur
1292 2975 1362 3001 nec
1378 2964 1416 3001 S.
1441 2964 1600 3010 Alpz'nae
1617 2961 1918 2999 adnumeranda.
