2100 3262
293 242 362 278 290
1003 230 1255 258 SOLANACEAE.
1805 218 1987 266 Lycmm.

293 318 522 364 Babyloniae
553 313 602 349 ad
634 311 901 362 Mohammera
928 305 1033 349 (Noe.
1052 301 1122 338 136
1135 303 1150 354 l·
1161 302 1198 336 et
1216 299 1287 335 998
1298 300 1335 344 Ι),
1365 298 1508 362 Persiae
1542 297 1732 352 australis
1760 297 1810 353 ad
1828 298 1991 335 Dalechi

294 367 381 411 (Kv,
403 366 511 407 1663),
543 365 579 396 et
602 356 767 393 borealis
788 353 959 398 (Buhsel
978 351 1058 396 Bge
1074 351 1110 393 l),
1142 358 1181 383 ln
1210 345 1437 382 Belutscina
1465 355 1667 392 superiore
1691 347 1728 380 et
1758 355 1858 381 mrca
1875 345 1991 382 Kelat

293 406 443 458 (St'ocks
462 421 540 445 exs.
566 406 674 442 1117!
694 406 730 439 et
747 402 859 446 99519.

342 477 396 512 Ne
414 471 629 510 confundas
648 478 735 504 cum
754 466 797 502 L.
817 463 978 511 vulgari
993 459 1123 498 Dunal
1148 459 1186 494 in
1208 458 1365 504 Europa
1383 459 1421 493 et
1442 457 1574 492 Africa
1592 456 1746 492 boreali
1764 457 1989 503 frequenter

294 524 396 560 culto
427 522 545 557 ramis
564 515 744 564 pendulis
782 513 885 549 foliis
904 508 1162 555 longioribus
1187 505 1400 541 filamentis
1418 504 1505 539 basi
1551 504 1662 539 ilosis
1681 503 1813 540 alieno
1831 507 1868 539 et
1885 504 1991 551 quod

323 552 407 605 rob.¹
420 569 541 604 forma
562 543 809 608 stenophy'lla
830 559 876 595 L.
899 555 1098 594 Chinensz‘s
1115 553 1212 589 Mill.
1234 555 1388 606 tantum
1416 555 1483 587 est.
1517 515 1671 586 βοὶ-11133
1700 551 1806 586 foliis
1824 554 1991 606 anguste

295 582 506 652 linearibus
539 611 583 648 L.
616 608 793 646 Barbari
817 617 905 643 cum
930 603 976 641 L.
1008 601 1226 640 Ruthem'eo
1255 599 1370 636 facile
1401 598 1697 635 confunduntur
1725 599 1792 634 sed
1819 601 1991 637 stamma

296 673 448 708 semper
465 660 550 696 basi
574 658 725 704 glabra.

845 737 856 748 “
884 736 894 748 ·
922 734 1140 770 Filamenta
1158 731 1245 767 basi
1264 730 1430 767 hirsuta.

355 860 391 900 4.
425 858 478 899 L.
512 853 902 898 Ruthenicum
941 849 1096 900 (ΜυιὟ.
1128 847 1288 889 Comm.
1314 845 1426 888 Gott.
1456 845 1584 887 1779,
1624 857 1718 899 pag.
1745 846 1785 893 Ξ,
1829 845 1914 887 lab.
1949 844 1995 902 92)

297 916 550 959 fruticosum
573 913 767 963 glabrum
793 911 1007 964 glaucum,
1035 908 1167 950 ramis
1190 905 1348 948 erectis
1379 904 1588 948 flexuosis
1612 904 1804 957 spinosis
1828 904 1996 955 albidis,

296 976 405 1019 foliis
445 964 702 1016 fasciculatis
744 969 935 1011 carnosis
979 970 1160 1020 anguste
1210 964 1652 1018 lineari-spathulatis
1691 963 1860 1006 obtusis
1903 963 1994 1007 basi

295 1033 524 1077 attenuatis
588 1029 764 1072 (loribus
821 1028 1080 1069 fasciculatis
1138 1025 1406 1078 longiuscule
1476 1022 1796 1077 pedunculatis‚
1852 1023 1995 1076 calyce

299 1093 620 1135 membranaceo
656 1087 950 1141 canipannlato
997 1084 1194 1128 bilabiato
1233 1083 1356 1126 labiis
1396 1082 1566 1125 obtusis
1604 1082 1909 1134 irregulariter
1953 1086 1995 1125 et

297 1152 487 1193 breviter
516 1149 714 1194 dentatis,
750 1147 918 1188 corollae
946 1146 1053 1187 lobis
1086 1144 1224 1185 ovatis
1267 1143 1370 1185 tnbo
1407 1141 1857 1195 sesquibrevioribus‚
1904 1142 1996 1183 fila-

297 1211 450 1251 mentis
502 1208 590 1249 basi
631 1220 724 1249 curn
766 1206 934 1246 corollae
993 1204 1093 1247 tubo
1138 1202 1282 1250 hirtis,
1335 1201 1529 1244 antl'ieris
1583 1201 1791 1250 exsertis,
1854 1200 1995 1243 baccis

298 1269 431 1321 nigris
455 1274 490 1315 ᾗ.
537 1290 591 1296 -
633 1265 677 1306 L.
707 1264 955 1319 Tataricum
993 1263 1097 1306 Pall.
1138 1262 1197 1304 Fl.
1238 1261 1362 1304 Ross.
1388 1263 1422 1313 Ι,
1461 1274 1502 1314 p.
1532 1261 1603 1311 78,
1631 1259 1713 1301 tab.
1740 1257 1808 1302 49.
1851 1285 1904 1291 --
1946 1260 1994 1302 L.

293 1327 501 1383 plancam
527 1326 655 1367 Miers
682 1325 742 1366 Ill.
771 1323 825 1367 ΙΙ,
854 1337 894 1376 p.
935 1325 1025 1373 104,
1053 1322 1136 1363 lab.
1162 1322 1228 1363 66.

344 1401 444 1436 Hab.
465 1401 503 1434 in
525 1400 688 1434 desertis
707 1398 821 1433 salsis
840 1398 972 1433 Iberiae
992 1396 1311 1432 Transcaucasiae
1335 1396 1385 1431 ad
1404 1395 1556 1431 Sallian
1585 1396 1622 1429 et
1646 1394 1686 1429 in
1714 1397 1839 1430 tractu
1860 1395 1999 1430 Swant

297 1448 356 1492 (C.
379 1450 423 1483 A.
447 1447 557 1492 Mey!
577 1446 710 1490 Hohl),
730 1446 767 1480 in
790 1446 921 1481 Persia
949 1445 1096 1480 boreali
1125 1443 1265 1484 (Auch.
1289 1443 1427 1488 50351),
1454 1441 1717 1478 Turkestania
1737 1442 1927 1486 (Lehml).

343 1514 402 1549 Ar.
423 1513 553 1557 Geoqr.
581 1511 721 1546 Bossia
739 1510 1015 1551 meridionalis,
1038 1509 1241 1555 song-aria,
1259 1508 1403 1544 Sibiria
1420 1507 1639 1560 Uralensis.

359 1620 395 1659 ὅ.
426 1617 477 1659 L.
499 1617 984 1660 Turcomanicum
1006 1615 1176 1671 (Turcz.
1205 1616 1300 1658 Mss.
1331 1619 1373 1657 et
1396 1615 1528 1658 Miers
1552 1615 1620 1657 Ill.
1646 1616 1724 1657 loc.
1751 1614 1819 1657 cit.
1847 1627 1883 1668 p,
1909 1616 1999 1658 118³

300 1677 383 1718 lali.
410 1678 464 1718 69
484 1677 520 1718 D
541 1676 609 1718 ubi
628 1676 845 1718 filamenta
864 1677 1045 1718 erronee
1062 1676 1211 1729 glabra
1227 1675 1256 1730 !)
1282 1675 1542 1717 fruticosum
1558 1676 1760 1727 glaucum
1781 1674 1999 1727 glabrum'

302 1737 430 1777 rantis
467 1735 619 1778 erectis
658 1735 921 1777 divaricatim
960 1735 1189 1777 rainulosis
1217 1738 1257 1776 et
1282 1734 1489 1788 spinosis,
1527 1734 1640 1777 foliis
1679 1734 1877 1776 carnosis
1901 1734 1981 1776 soli

302 1795 421 1836 lariis
461 1798 503 1835 ct
542 1794 796 1836 fasciculatis
836 1794 1287 1846 oblongo-lanceolatis
1322 1794 1492 1836 obtusis
1524 1794 1591 1835 vcl
1631 1793 1916 1836 acutiusculis
1954 1793 1998 1835 in

302 1854 502 1905 petiolum
531 1854 774 1901 attenuatis,
802 1852 983 1895 floribus
1008 1854 1269 1895 fasciculatis
1298 1852 1619 1906 pedunculatis,
1638 1853 1782 1906 calyce
1803 1851 2000 1896 breviter

298 1912 596 1965 canipanulalo
633 1923 823 1964 superne
869 1913 1196 1955 membranaceo
1252 1912 1455 1954 bilabiato
1517 1912 1642 1955 labiis
1695 1912 1880 1964 integris
1930 1913 1996 1954 vel

300 1971 491 2012 breviter
519 1970 675 2016 bifidis,
700 1971 869 2012 corollae
893 1984 1028 2014 roseae
1056 1971 1162 2014 lobis
1187 1971 1383 2024 oblongIS
1411 1971 1516 2014 tubo
1545 1970 1995 2026 sesqnibrevioribus‚

300 2029 531 2071 filatnenlis
556 2029 643 2070 basi
673 2030 855 2079 villosis,
880 2031 1072 2073 antheris
1096 2031 1296 2079 exsertis,
1320 2031 1470 2086 baccis
1488 2032 1700 2074 coccineis
1720 2038 1757 2080 5.

346 2103 448 2138 Hah.
469 2104 507 2137 in
527 2103 686 2139 desertis
704 2103 899 2148 argillosis
919 2104 1035 2142 salsis
1054 2104 1328 2140 Turkestaniae
1356 2105 1406 2141 ad
1432 2105 1577 2141 fluvios
1594 2104 1670 2151 Syr
1695 2108 1731 2141 et
1752 2103 1941 2150 Jandarja
1965 2108 2001 2140 et

297 2150 396 2186 circa
417 2150 594 2185 Buclmra
615 2150 753 2195 (Lehrn
767 2153 804 2194 l).

345 2214 468 2267 Affine
486 2213 531 2250 L.
550 2214 762 2251 Ruthem‘co
780 2215 848 2251 sed
866 2216 963 2251 rami
981 2217 1200 2261 crassiores,
1221 2217 1315 2253 folia
1343 2217 1468 2254 multo
1487 2217 1639 2264 latiora,
1670 2217 1788 2254 bacca
1819 2217 1999 2253 coccinea

299 2270 367 2296 nec
391 2272 512 2306 mgra.

347 2327 406 2361 Ar.
435 2327 563 2372 Geoqr.
591 2327 862 2372 Tureomania,
882 2328 1083 2375 Songaria.

751 2486 946 2535 ATROPA
984 2488 1043 2549 (L.
1075 2488 1172 2537 Gen.
1200 2489 1284 2538 249
1315 2504 1359 2538 ex
1392 2489 1539 2552 parte).

341 2639 488 2693 ¹Calyx
530 2641 729 2697 soliacens
782 2642 993 2694 profunde
1035 2644 1348 2698 qninqncfidus
1397 2645 1597 2687 fructifer
1633 2655 1788 2698 parum
1831 2644 2000 2685 auctus.

300 2698 468 2740 Corolla
513 2700 593 2741 late
638 2700 1158 2755 tubuloso-campanulala
1201 2703 1311 2746 lobis
1354 2705 1551 2759 quinque
1597 2702 1695 2745 latis
1745 2701 2000 2744 imbricatis.

301 2757 490 2799 Stamina
513 2759 705 2812 quinque
739 2761 829 2802 basi
871 2762 1043 2803 corollae
1072 2763 1209 2809 affixa.
1251 2764 1470 2806 lilanienta
1510 2764 1595 2805 ima
1632 2761 1724 2805 basi
1763 2763 2002 2804 incrassata

299 2816 481 2864 inclusa,
507 2817 697 2859 anthera:
719 2819 843 2861 loculi
868 2820 1072 2862 distincti.
1097 2820 1304 2864 Ovarium
1329 2822 1569 2865 biloculare
1594 2823 1712 2865 disco
1733 2821 2005 2875 impositum,

300 2875 440 2926 stylus
480 2876 782 2921 subcxsertus.
822 2879 975 2932 sligma
1011 2879 1234 2924 dilatatum
1272 2882 1467 2925 breviter
1501 2881 1828 2924 bilamellatum.
1868 2879 2003 2920 Bacca

300 2934 471 2985 globosa
495 2947 686 2987 succosa,
715 2938 876 2979 sentina
904 2951 1134 2982 numerosa
1159 2952 1408 2996 compressa
1433 2941 1734 2984 scrobiculata.
1767 2964 1814 2970 —-
1843 2938 2002 2981 Herbae

307 3003 531 3044 perennes.
