2100 3262
235 214 282 251 18
948 223 1233 249 PRIMULACEAE.
1682 214 1934 253 Androsaee.

283 295 381 331 Hah.
399 297 439 331 in
458 297 631 332 arenosis
650 294 820 340 regionis
841 294 986 341 alpinae
1006 293 1169 330 Caucasi
1187 293 1398 329 Orientalis
1430 291 1537 329 9000’
1557 293 1747 338 (C.A.M.)‚
1771 294 1940 331 Caucasi

237 343 418 379 centralis
434 344 481 379 ad
500 344 605 389 ripas
620 342 732 378 ssnvii
747 341 872 377 Terek
890 351 1011 389 prope
1030 341 1125 377 Lars
1143 341 1249 377 3500’
1270 341 1393 388 (Rupr
1405 343 1441 386 !).
1459 339 1503 376 In
1519 340 1663 376 Tauria
1680 341 1850 378 indicata
1867 342 1937 378 sed

236 391 368 426 (lubia.

283 457 343 492 Ar.
364 457 499 500 Geoqr.
526 454 707 490 Helvetia
721 454 761 489 in
774 453 932 500 alpibus
946 453 1127 498 Valesiae,
1138 453 1414 499 scandinavia,
1426 452 1940 499 Belgium,Transylvania‚

236 503 537 553 Bossialomnis
554 502 707 547 Sibiria,
725 502 905 537 America
922 501 1108 537 borealis.

299 630 363 671 13.
400 628 462 672 A.
492 626 755 670 maxima
792 627 862 682 (L.
903 625 976 681 Sp.
1021 626 1123 679 203)
1166 639 1309 669 annua
1351 638 1479 680 parce
1522 625 1935 680 papilloso—hirtula,

235 688 348 732 soliis
367 687 574 730 rosulatis
596 687 800 740 expansis
818 685 1018 738 ellipticis
1038 685 1106 727 vel
1124 686 1374 728 lanceolatis
1398 688 1522 739 parte
1548 685 1765 739 superiori
1788 696 1939 729 serru-

236 748 345 797 latis‚
374 746 516 799 scapis
541 745 845 788 crassiusculis
873 745 972 798 pilis
999 745 1269 798 simplicibus
1293 745 1505 798 elongatis
1530 744 1733 799 pubeque
1757 745 1938 788 minima

234 808 403 849 ramosa
430 805 629 855 hirtellis,
654 805 857 847 umbellae
884 805 1129 846 3-lO-ssorae
1156 804 1381 857 pedicellis
1418 803 1551 856 calyci
1586 803 1842 857 aequilongis
1870 805 1937 847 vel

237 866 368 919 duplo
397 864 681 917 longioribus,
705 864 919 906 involucri
944 864 1104 917 phyllis
1133 864 1298 916 magnis
1324 863 1519 906 obovatis
1545 862 1817 906 subdentatis
1844 862 1938 906 basi

236 923 502 976 subcoalitis,
525 924 683 977 calycis
715 923 887 965 tandem
913 923 1070 965 accreti
1097 923 1257 964 hirsuti
1290 922 1456 965 laciniis
1482 923 1621 964 ovaiis
1656 922 1809 975 amplis
1832 922 1938 965 tubo

234 983 412 1037 globoso
430 983 759 1037 hemisphaerico
776 982 1060 1035 longioribus,
1080 981 1240 1024 corolla
1258 983 1394 1035 parva
1417 982 1561 1035 calyce
1579 981 1716 1024 multo
1736 981 1941 1024 breviore

234 1042 571 1086 albicio-rubella
611 1041 729 1083 limbi
751 1041 926 1084 concavi
960 1041 1068 1083 loliis
1101 1041 1297 1084 ohcvalis
1331 1046 1396 1092 Θ.
1426 1042 1482 1083 Ic.
1512 1041 1630 1095 Jacq.
1658 1040 1812 1082 Austr.
1842 1040 1931 1082 tab.

235 1103 333 1143 337.
361 1126 418 1131 —
444 1101 577 1143 Rchh.
603 1101 657 1142 Ic.
683 1103 713 1142 t.
737 1101 805 1143 70.

281 1177 383 1212 Hah.
399 1177 440 1211 in
458 1175 638 1217 collibus,
657 1175 806 1221 campis
821 1174 1016 1210 derelictis
1032 1174 1271 1210 Macedoniae
1286 1173 1442 1219 (Fi-ivl),
1457 1173 1657 1219 Bithyniae
1672 1172 1824 1217 (Pestii,
1840 1173 1939 1208 Pisi-

234 1224 308 1259 diae
328 1224 512 1268 (Heldrl),
529 1223 658 1267 Lyciae
677 1222 827 1267 (Bourg
838 1223 875 1267 l),
886 1222 992 1258 Asiae
1010 1222 1175 1257 minoris
1189 1222 1358 1258 borealis
1373 1224 1410 1257 et
1424 1221 1606 1256 centralis
1622 1220 1768 1265 (Auchi
1782 1220 1936 1265 Wied.),

235 1271 380 1307 Ciliciae
409 1270 612 1306 orientalis
640 1270 785 1305 ditione
806 1269 959 1305 Kassan
982 1269 1085 1315 Oglu
1102 1270 1143 1304 in
1161 1269 1380 1315 subalpinis
1399 1268 1526 1314 (Kyl),
1545 1268 1671 1313 Syriae
1690 1267 1739 1302 ad
1764 1267 1935 1314 Aleppoi

234 1319 473 1354 Damascum
485 1321 502 1355 !.
521 1318 721 1353 Palestina
735 1317 784 1352 ad
800 1316 1118 1362 Hierosolymam
1137 1316 1268 1361 [Boiss
1280 1318 1316 1361 l),
1330 1316 1615 1362 Mesopotamia
1629 1315 1784 1359 (olivi),
1799 1315 1936 1350 Arme-

233 1366 299 1401 nia
317 1366 453 1403 i'Huet!
473 1365 651 1411 BourgD,
670 1365 825 1407 Tauria,
844 1374 953 1411 prov.
974 1364 1040 1400 Cis
1059 1369 1097 1400 et
1115 1363 1456 1400 Transcaucasicis
1476 1363 1579 1398 ME!
1599 1363 1758 1398 Hohen!
1781 1362 1934 1409 RuprO,

232 1414 363 1449 Persia
382 1414 476 1459 sept.
496 1416 533 1448 et
550 1412 714 1447 australi
733 1412 863 1457 (xKyQ
885 1412 1098 1458 Affghania
1115 1411 1233 1448 occid.
1253 1411 1304 1447 ad
1324 1411 1445 1446 Herat
1463 1410 1612 1456 (Egel).

278 1478 339 1512 Ar.
360 1477 489 1521 Geoqr.
518 1476 722 1522 Hispania,
752 1475 894 1518 Gallia,
923 1475 1117 1521 Belgium.
1148 1476 1361 1512 Germania
1392 1475 1509 1511 occid.
1535 1478 1573 1511 et
1601 1473 1799 1519 australis,
1820 1473 1936 1509 Italia

232 1523 424 1606 centrallis,
446 1523 552 1568 regio
570 1523 821 1568 Danubialis,
840 1523 980 1558 Bossia
997 1523 1126 1559 media
1145 1527 1181 1559 et
1198 1523 1396 1567 australis,
1413 1523 1616 1568 Songaria‚
1633 1522 1788 1567 Sibiria,
1804 1521 1939 1558 Africa.

233 1572 351 1607 borea
370 1571 403 1606 is
419 1571 591 1606 interior.

328 1718 562 1767 DissNYSiA
601 1719 735 1780 (Fenzl
764 1719 884 1766 Flora
909 1718 1040 1774 xxvi,
1073 1719 1105 1775 i,
1139 1733 1178 1778 ι).
1214 1719 1315 1767 389.
1343 1746 1404 1752 ——
1436 1718 1841 1780 Macrosiphonia

790 1783 937 1846 Duby
962 1784 1109 1831 Mem.
1132 1784 1378 1845 Primum.

290 1919 424 1973 Calyx
449 1918 664 1972 profunde
688 1918 756 1961 vel
778 1917 831 1959 ad
857 1916 983 1960 basin
1010 1930 1152 1971 usque
1179 1916 1580 1971 quinquepartitus.
1610 1915 1778 1959 Corolia
1805 1916 1935 1959 tubu-

230 1977 775 2031 loso-hypocrateriformis
813 1977 917 2019 tubo
956 1977 1080 2030 longo
1116 1977 1235 2019 tenui
1268 1977 1335 2019 vel
1370 1990 1393 2019 a
1416 1976 1558 2018 medio
1596 1976 1666 2018 vel
1702 1976 1783 2018 sub
1812 1975 1933 2018 fauce

230 2037 373 2080 subito
400 2037 621 2090 ampliato,
642 2039 763 2079 fauce
786 2036 916 2087 nuda,
945 2036 1062 2078 limbi
1089 2036 1277 2090 patentis
1302 2036 1413 2078 lohis
1440 2034 1609 2078 obtusis
1636 2035 1703 2076 vel
1728 2034 1937 2077 obcorda-

229 2097 296 2139 tis.
326 2096 533 2139 Antherae
563 2095 872 2148 (dichogamice
902 2098 944 2136 et
971 2095 1092 2148 proh.
1125 2095 1170 2137 iu
1203 2095 1433 2150 speciebus
1458 2093 1682 2148 omnihus)
1719 2094 1764 2135 in
1792 2093 1934 2135 medio

228 2156 332 2198 tubo
360 2156 428 2198 vel
461 2156 543 2198 suh
575 2157 696 2199 fauce
734 2154 997 2197 subsessiles
1036 2154 1305 2197 verticillaiae
1340 2154 1573 2208 stylusque
1606 2154 1811 2196 antheras
1848 2164 1935 2194 non

227 2216 443 2268 attingens
469 2215 536 2258 vel
559 2227 631 2258 cas
665 2226 880 2268 superans
912 2215 983 2256 vel
1016 2216 1243 2266 exsertus3
1282 2213 1438 2267 stigma
1471 2213 1934 2266 globoso-capitatu1n;

227 2274 424 2317 ovarium
460 2275 728 2317 uniloculare
765 2273 1130 2327 pauciovulatum.
1171 2271 1360 2326 Capsula
1397 2272 1441 2313 in
1479 2273 1630 2315 valvas
1660 2273 1683 2313 5
1719 2271 1932 2324 complete

228 2333 470 2376 dehiscens.
510 2333 684 2376 Semina
722 2334 795 2375 1-4
830 2335 957 2374 extus
992 2344 1184 2375 convexa
1209 2332 1329 2374 intus
1353 2331 1771 2384 carimate-angulata
1799 2342 1935 2382 rugu-

227 2393 328 2436 losa.
353 2416 405 2420 —
435 2393 591 2435 Herlife
625 2403 839 2447 perennes
865 2392 998 2434 densc
1024 2392 1274 2446 pulvinatae‚
1298 2391 1520 2434 interdum
1554 2390 1804 2433 sul'frutices
1838 2400 1930 2431 ces-

229 2452 370 2506 pitosi,
400 2453 508 2494 rami
536 2452 740 2494 foliorum
777 2452 1044 2493 minutorum
1084 2450 1416 2504 persistentium
1456 2450 1755 2492 imbricatione
1795 2448 1929 2490 densa

225 2512 514 2562 columnares,
538 2512 668 2554 flores
695 2511 736 2552 in
758 2511 921 2564 cespite
945 2509 1121 2552 sessiles
1146 2509 1213 2551 vel
1238 2509 1533 2562 pedunculati,
1550 2509 1655 2551 lutei
1681 2509 1823 2550 rarius
1842 2506 1933 2550 vio-

227 2571 343 2613 lacei.
371 2595 426 2600 —
451 2570 600 2613 Genus
626 2583 649 2612 a
679 2568 894 2622 Greyoricz
915 2569 1037 2612 fauce
1068 2569 1196 2620 nuda,
1227 2568 1278 2610 ah
1303 2567 1558 2610 Andro-saec
1585 2568 1737 2609 eadem
1763 2567 1861 2610 nota
1889 2568 1935 2607 et.

224 2629 393 2673 corolla}
414 2629 518 2672 tubo
542 2630 739 2683 elongato
764 2629 1033 2671 distinctum.

353 2773 366 2787 *
394 2769 502 2805 Folia
525 2769 658 2805 onmia
676 2770 741 2805 vel
757 2769 901 2805 saltem
920 2768 1113 2804 nonnulla
1132 2768 1335 2814 superiora
1353 2767 1443 2814 plns
1462 2767 1597 2803 minus
1616 2767 1792 2803 dentata.

780 2855 821 2896 -4-
852 2851 963 2887 Folia
981 2851 1160 2896 margine
1178 2850 1374 2886 revoluta.

292 2938 319 2976 l.
356 2935 417 2978 D.
451 2935 726 2979 revoluta
748 2934 908 2990 (Boiss.
936 2934 1086 2986 Diagn.
1125 2933 1217 2976 Ser.
1250 2932 1282 2986 L
1311 2934 1350 2979 7.
1381 2946 1419 2986 p.
1450 2932 1526 2974 63»
1556 2931 1809 2974 l'ruticulosa
1835 2931 1921 2972 late

223 2996 435 3048 cespitosa
459 2996 592 3037 ramis
618 2995 828 3048 elongatis
853 2994 1108 3036 dichotomis
1142 2993 1310 3035 inferne
1336 2991 1566 3034 denudatis
1591 3003 1782 3045 superne
1812 2989 1925 3032 foliis
