2100 3262
315 241 386 279 948
1018 247 1291 277 SALSOLACEAE.
1692 240 2007 290 Archrophyton.

316 337 410 369 cum
446 322 706 367 staminibus
744 323 768 365 5
805 320 849 364 in
880 321 1099 364 urceolum
1122 324 1316 374 connata,
1343 322 1534 365 antherae
1558 322 1745 365 muticae.
1787 322 1896 378 Styli
1921 325 2009 368 duo

316 382 578 427 brevissimi.
613 380 802 424 Fructus
828 379 1048 436 perigonio
1070 380 1266 424 inclusus
1291 380 1543 423 utricularis
1566 379 1820 435 depressus.
1847 381 2004 426 Semen

314 441 594 485 horizontale.
619 463 678 471 —
701 438 924 483 Suffrutex
955 451 1095 482 nanus
1121 439 1224 495 facie
1245 437 1594 492 Brachytepidis‚
1623 441 1753 483 ramis
1778 453 1830 484 ex
1851 443 2006 485 trunco

316 512 463 544 crasso
498 499 707 542 brevibus
743 497 995 541 articulatis.
1039 519 1092 526 —
1131 497 1279 541 Genus
1319 497 1642 542 characteribus
1677 498 2007 542 Horaninowioe

315 560 441 603 affine
476 558 551 602 sed
585 557 748 609 habitu,
782 557 915 600 ramis
952 557 1190 600 articulatis
1223 556 1487 599 distinctum.
1528 557 1714 601 Fructus
1747 558 2008 602 immaturus

317 622 483 661 lantum
508 620 649 660 notus.

1664 707 1676 725 2

380 732 415 771 l.
449 729 510 772 A.
540 726 952 773 subuliiolium
991 725 1130 780 (Schr.
1167 728 1245 769 lor..
1284 725 1373 782 cit.)
1412 726 1701 770 minutissime
1734 728 2010 773 cinerascens

316 788 635 835 fruticnlosum,
660 788 793 829 ramis
819 797 871 828 ex
893 785 1066 829 caudice
1090 786 1255 839 lignoso
1280 796 1426 828 crasso
1448 786 1696 829 numerosis
1718 787 1846 829 rectis
1869 788 2006 831 tenui-

317 847 398 890 bus
425 847 600 901 pumilis
629 844 895 900 simplicibus
918 843 969 886 ad
991 844 1195 888 articulos
1219 843 1476 896 fragillimiS‚
1497 843 1610 887 foliis
1630 845 1840 900 oppositis
1865 847 2006 889 tenui-

316 905 399 950 bus
414 906 626 948 brevibus
643 918 665 946 a
685 904 774 946 basi
794 902 1030 945 sublatiore
1048 903 1500 957 subulam-triquetris
1521 904 1800 953 mucronatis‚
1822 905 2006 948 floribus

317 965 465 1020 parvis
488 965 534 1007 in
561 964 700 1006 axillis
725 962 950 1017 oppositis,
976 961 1205 1004 bracteolis
1227 962 1338 1004 foliis
1367 961 1593 1005 floralibus
1615 961 1889 1007 brevioribus
1919 964 2008 1007 basi

317 1021 880 1069 membranaceo-dilatatis,
927 1021 1136 1076 perigonii
1178 1020 1335 1075 phyllis
1383 1020 1635 1063 orbiculatis
1684 1023 1883 1072 concavis
1925 1022 2010 1065 late

316 1082 660 1125 membranaceis
681 1087 716 1130 5.
751 1078 972 1123 Anabusis
993 1078 1140 1133 affinis
1159 1081 1249 1134 Bge
1274 1079 1316 1122 in
1341 1079 1402 1122 Pl.
1425 1078 1572 1122 Lehm.
1595 1079 1682 1123 480
1704 1091 1756 1123 cx
1782 1081 1793 1124 i
1800 1080 1896 1136 psol
1921 1093 2008 1124 non

317 1140 362 1183 F.
387 1147 431 1184 et
455 1141 506 1183 M.

364 1214 540 1286 Hab.jin
574 1214 726 1250 deserto
759 1212 970 1259 Kisylkum
1009 1213 1046 1247 et
1075 1214 1209 1248 monte
1242 1210 1489 1248 Ssususkara
1519 1210 1793 1248 Turkestaniae
1822 1211 2012 1248 australia

316 1261 759 1362 (Lsslgtssi.)l.)ipomcares'
780 1313 875 1350 folia
891 1311 954 1349 3—4
972 1311 1097 1349 lineas
1116 1312 1248 1360 longa.

365 1372 425 1407 Ar.
447 1371 578 1416 Geoqr.
605 1370 810 1416 Songaria.

370 1510 659 1560 liltoxvtox
687 1512 789 1572 (ch
824 1510 883 1558 Pl.
919 1509 1053 1558 Lehm.
1090 1523 1133 1571 p.
1170 1509 1272 1558 468.
1313 1537 1377 1543 —
1400 1509 1609 1557 Salsoloe
1633 1513 1682 1557 et
1709 1508 1951 1571 Caroaeyli

814 1576 960 1623 Auct.
990 1575 1181 1638 species
1205 1574 1520 1634 articulatae).

375 1712 524 1755 Flores
564 1712 900 1767 hermaphroditi
937 1711 1247 1754 bibracteolati.
1288 1711 1565 1765 Perigouium
1603 1711 2010 1767 quinquepartitum

318 1771 475 1825 phyllis
495 1775 591 1825 post
612 1771 812 1813 anthesin
832 1770 968 1814 auctis
989 1770 1163 1814 demum
1181 1770 1310 1813 dorso
1327 1770 1371 1812 in
1389 1771 1479 1813 alas
1499 1771 1711 1814 scariosas
1731 1774 2012 1814 transversas

317 1843 466 1874 onmes
492 1831 662 1885 patulas
690 1829 1055 1873 excrescentibus.
1087 1828 1349 1873 Staminodia
1376 1829 1569 1884 quinque
1593 1830 1637 1872 in
1662 1830 1883 1872 urceolum
1911 1841 2009 1873 cum

317 1890 546 1933 filamentis
573 1892 753 1932 connata
780 1890 898 1943 apice
924 1888 1069 1930 libera.
1099 1888 1307 1931 Antherae
1331 1888 1514 1931 muticae.
1542 1888 1692 1944 Stylus
1717 1888 2009 1931 brevissimus

318 1949 382 1990 vel
410 1948 573 1995 nullus,
603 1948 800 2002 stigmata
823 1948 913 1990 2-4.
944 1945 1167 1990 Utriculus
1191 1947 1439 1991 turbinatus
1464 1959 1655 2002 superne
1678 1959 1891 1990 concavus
1916 1958 2010 1989 car-

318 2008 499 2050 nosulus
522 2007 742 2061 perigonio
766 2010 915 2060 aperto
938 2006 1146 2049 inclusus.
1177 2005 1333 2049 Semen
1358 2006 1637 2050 horizontale.
1663 2029 1722 2038 —
1749 2006 2010 2050 Arbuscula}

317 2065 385 2109 vel
404 2065 581 2109 frutices
605 2066 718 2120 ligno
736 2065 984 2118 durissimo,
1007 2065 1187 2107 ramulis
1208 2064 1464 2116 articulatis,
1486 2066 1597 2110 foliis
1619 2066 1778 2120 saepius
1797 2065 2008 2119 oppositis

317 2125 512 2168 connatis
544 2124 871 2168 rudimentariis
901 2125 969 2167 vel
992 2123 1280 2175 brevissimis,
1307 2123 1490 2168 floribus
1522 2125 1728 2168 solitariis
1753 2123 2010 2167 axillaribus

315 2183 537 2237 oppositis.
556 2207 613 2214 —
629 2183 778 2228 Genus
796 2197 818 2226 a
835 2181 1005 2225 Salsolci
1028 2183 1206 2225 ramulis
1230 2183 1484 2235 articulatis,
1505 2183 1791 2232 staminodiiS‚
1813 2183 2007 2225 filamen-

316 2243 372 2285 tis
397 2242 695 2297 monadelphis
721 2242 983 2285 distinctum.

380 2352 414 2392 1.
449 2349 512 2392 H.
537 2347 1019 2393 Ammodendron
1047 2348 1166 2405 (CA.
1194 2349 1301 2404 Mey.
1327 2349 1388 2392 Fl.
1416 2350 1501 2392 Alt.
1537 2350 1567 2403 1,
1595 2361 1635 2404 p.
1664 2350 1747 2392 375
1778 2349 1858 2391 sub
1886 2347 2006 2390 Ana-

317 2407 431 2463 basi)
455 2409 737 2452 arborescens
758 2413 910 2451 trunco
934 2419 1095 2460 crasso,
1118 2409 1298 2451 ramulis
1323 2407 1541 2452 annotinis
1575 2409 1731 2463 pallide
1760 2407 2004 2450 virentibus

317 2467 535 2513 tenuibus.
579 2467 689 2510 foliis
735 2468 787 2509 ad
830 2467 1111 2510 articulorum
1158 2468 1357 2511 brevium
1408 2468 1571 2521 apicem
1619 2466 2004 2522 squamiformibus

317 2525 510 2569 breviter
530 2529 572 2569 et
593 2525 745 2569 obtuse
767 2526 1106 2578 triangularibus
1124 2527 1168 2569 in
1191 2527 1391 2581 cupulam
1419 2527 1537 2569 intus
1563 2526 1755 2569 breviter
1782 2525 2007 2578 lanugino-

319 2597 409 2627 sam
433 2584 642 2637 connatis,
666 2585 848 2628 floribus
873 2585 1052 2627 remotis
1076 2586 1169 2628 laxe
1207 2589 1249 2628 et
1279 2585 1472 2628 breviter
1504 2585 1694 2639 spicatis‚
1728 2583 2005 2627 staminodio-

318 2652 414 2686 rum
439 2644 596 2699 cupula
620 2644 816 2687 ovarium
840 2647 1089 2697 superante,
1112 2644 1385 2697 stigmatibus
1407 2644 1632 2698 quaternis
1655 2643 1899 2690 sessilibus.
1922 2643 2005 2685 alis

319 2703 483 2756 magnis
525 2702 857 2745 suborbiculatis
884 2706 921 2752 ὅ.
965 2701 1119 2745 Ledeb.
1155 2704 1211 2746 Ic.
1251 2704 1335 2746 tab.
1368 2704 1437 2745 47.
1464 2726 1515 2735 -·
1557 2702 1645 2756 Bge
1679 2703 1724 2746 in
1756 2703 1816 2745 Pl.
1853 2701 2001 2744 Lehm.

318 2773 357 2815 p.
384 2761 481 2803 469.
508 2784 559 2791 —
586 2760 636 2802 H.
665 2760 892 2803 Persicum
913 2760 1000 2815 Bge
1024 2761 1068 2803 in
1096 2761 1243 2805 Buhse
1268 2762 1392 2805 Aufz.
1419 2775 1458 2816 p.
1490 2762 1583 2805 189.
1611 2786 1661 2792 —-
1686 2760 1828 2804 Pinus
1855 2759 2004 2802 Orien-

316 2818 418 2861 tatis
441 2819 546 2863 Falk
572 2820 755 2873 Topogr.
782 2820 916 2863 Beitr.
935 2821 974 2872 2,
999 2834 1038 2875 p.
1063 2821 1168 2876 260)
1191 2821 1562 2864 determinatio-ex
1582 2820 1761 2863 ramulis
1787 2819 2007 2862 annotinis

316 2877 466 2921 insecti
490 2879 717 2933 cujusdam
744 2878 830 2922 ictu
852 2878 1100 2922 deformat-is
1120 2879 1504 2923 strobiliformibus
1527 2879 1642 2934 orta)
1661 2879 1798 2932 Vulgo
1822 2878 2001 2921 Saxam.

363 2950 463 2987 Hah.
488 2952 528 2987 in
555 2952 731 2988 arenosis
758 2953 892 2996 magni
918 2951 1061 2988 deserti
1091 2953 1187 2989 salsi
1211 2952 1313 2989 inter
1333 2952 1536 3000 Djendack
1565 2955 1603 2989 et
1628 2952 1783 2989 Enarek
1809 2952 2010 2998 (Buhsel),

318 2996 581 3035 Tui-kestania
602 2999 790 3045 (Lemni),
811 2998 1074 3035 Turcomania
1091 2999 1273 3036 littorali!
