2065 3271
108 249 275 289 Salsola.
814 258 1088 286 sALsOLAcsAE.
1727 255 1797 293 959

153 329 252 366 Hah.
276 330 323 366 ad
341 330 450 366 littus
468 329 774 377 septentrionale
792 329 913 365 maris
932 328 1075 364 Mortui
1094 328 1299 367 Palestinae
1319 332 1502 379 (Boissl).

153 394 308 430 Pedalis
327 398 364 431 et
382 395 677 441 sesquipedalis,
708 395 802 430 folia
826 393 1166 440 1-1¹l2-pollicaria
1192 395 1277 431 basi
1302 398 1366 434 1-2
1392 399 1516 435 lineas
1535 400 1624 434 lata.
1653 401 1794 437 Affinis

106 440 146 478 S.
168 442 370 478 Aur-z'eulae
397 442 609 488 acutz'foliae
634 453 655 477 a
686 444 762 488 qua
785 440 960 487 specifice
992 440 1144 494 differre
1174 443 1327 479 videtur
1357 446 1460 481 foliis
1492 447 1793 494 angustissimis,

106 487 308 524 floralibus
327 492 489 536 anguste
511 489 736 524 linearibus.
763 488 928 524 Fructus
945 488 1149 523 subminor
1163 489 1234 524 alis
1253 494 1554 536 angustioribus.

171 599 235 639 17.
268 597 316 640 S.
346 598 556 653 glauca
573 598 697 646 (MR.
722 597 852 639 Taur.
877 595 1002 638 Cauc.
1027 596 1059 647 I,
1087 608 1127 649 p.
1165 596 1264 651 185)
1287 598 1433 650 glauca
1457 600 1602 652 glabra
1630 601 1792 644 suffru-

106 657 252 708 ficosa,
282 658 421 700 trunci
457 657 586 699 ramis
619 655 952 699 ascendentibus
986 655 1052 696 vel
1079 655 1482 708 procumbentibus,
1512 660 1641 701 ramis
1673 659 1791 703 flori·

105 714 208 758 feris
246 716 400 758 erectis
435 716 644 769 elongatis
683 715 892 757 teretibus
933 725 1123 767 superne
1165 713 1435 766 paniculatis,
1471 717 1581 758 foliis
1619 719 1792 761 lineari·

104 775 397 817 teretiusculis
437 774 527 817 basi
573 786 653 816 non
695 774 881 816 dilatatis
921 771 1252 820 obtusiusculis,
1293 772 1516 817 floralibus
1557 775 1791 820 linearibus

103 831 309 875 brevibus
338 834 573 876 bracteolas
599 836 744 874 ovat-as
779 831 971 873 breviter
995 831 1196 873 caudatas
1227 831 1440 874 carinatas
1465 836 1788 886 superantibus,

102 890 283 934 floribus
314 892 519 934 solitariis
554 893 677 944 longe
707 896 747 932 ct
781 891 940 944 saepius
977 890 1071 931 laxe
1108 889 1298 944 spicatis,
1333 891 1543 944 perigonii
1582 893 1792 938 fructiferi

103 949 268 992 laciniis
305 950 633 994 conniventibus
667 948 1182 1002 triangulari-lanceolatis
1214 948 1537 1001 obtusiusculis,
1567 952 1644 994 atis
1680 952 1792 995 infra

101 1009 290 1052 medium
315 1010 421 1051 ortis
445 1009 690 1051 Stramineis
717 1008 871 1061 amplis
895 1006 1350 1050 orbiculari-obovatis
1382 1008 1618 1051 imbricatis
1646 1023 1791 1054 croso·

100 1069 350 1117 eremitalis,
376 1068 566 1110 anthei-is
600 1079 683 1110 non
720 1066 1060 1121 appendiculatis
1084 1073 1120 1114 5.
1159 1065 1199 1107 S.
1227 1065 1395 1118 spicata
1417 1066 1523 1108 Pall.
1560 1067 1624 1109 111.
1659 1081 1695 1122 p.
1724 1070 1792 1125 ⁰27,

101 1125 184 1168 tab.
203 1124 269 1168 '19
295 1139 378 1168 non
404 1127 556 1169 Willd.

147 1199 247 1236 Hab.
274 1202 313 1236 in
335 1201 446 1236 salsis
470 1201 667 1236 Armeniae
685 1200 857 1236 Rossicae
884 1199 933 1234 ad
958 1198 1064 1244 Kulp
1091 1199 1260 1244 (Seidu),
1291 1199 1469 1244 Georgiae
1501 1201 1718 1236 Caucasicae
1754 1205 1794 1238 in

108 1246 226 1282 aridis
244 1248 404 1284 collium
418 1247 687 1293 Elisabethpol
702 1247 859 1290 (IIohen
873 1248 912 1292 l),
931 1247 1074 1281 Persiae
1092 1246 1175 1281 bor.
1192 1248 1230 1281 in
1246 1256 1356 1292 prov.
1371 1246 1611 1293 Aderbidjan
1627 1249 1743 1292 (Szov
1755 1251 1794 1294 l),

102 1293 148 1329 ad
165 1294 312 1330 salinas
332 1295 395 1331 Uli
411 1298 449 1330 et
466 1295 595 1331 lacum
613 1294 784 1339 (Seidll),
804 1294 903 1329 inter
920 1293 1090 1338 Ispahan
1108 1294 1144 1328 et
1163 1293 1343 1328 Teheran
1362 1293 1540 1337 (Haussk
1553 1297 1589 1338 l).

148 1356 327 1393 Truncus
345 1368 449 1404 saepe
478 1358 651 1393 crassitie
674 1357 797 1402 digiti,
822 1356 922 1391 rami
950 1355 1112 1391 floriferi
1137 1355 1305 1402 pedales,
1333 1355 1427 1391 folia
1458 1357 1795 1403 1-1¹l2-pollicaria

101 1403 257 1486 {ineaml
271 1405 334 1486 xiel
359 1405 637 1451 sesquilineam
667 1414 807 1449 crassa,
842 1403 1093 1449 perigenium
1126 1403 1371 1438 fructiferum
1404 1413 1493 1439 cum
1527 1404 1602 1440 alis
1629 1404 1745 1440 diam.
1772 1405 1795 1442 6

120 1460 226 1487 meas
261 1463 280 1488 a
304 1463 378 1487 um.

165 1551 222 1592 18.
252 1550 301 1594 S.
327 1550 764 1605 brachyphylla
787 1549 942 1605 (Boiss.
962 1551 1005 1590 et
1021 1548 1206 1590 Haussk.
1228 1560 1313 1590 non
1331 1547 1452 1602 Spr.)
1477 1549 1625 1602 glabra
1642 1550 1793 1602 glauca

100 1608 190 1650 basi
206 1610 495 1660 suffruticosa,
514 1610 645 1652 ramis
664 1609 866 1653 floriferis
882 1607 1037 1651 crectis
1060 1607 1124 1649 vel
1149 1608 1484 1650 ascendentibus
1502 1609 1652 1650 crebre
1677 1610 1794 1652 folia-

101 1667 155 1709 tis
192 1668 234 1710 in
274 1669 434 1722 spicam
472 1669 711 1722 simplicem
742 1668 807 1710 vel
844 1667 1107 1709 ramulosam
1141 1666 1416 1719 abeuntibus,
1453 1668 1564 1709 foliis
1599 1670 1794 1712 carnosis

99 1725 306 1770 brevibus
346 1728 786 1781 oblongo-linearibus
830 1727 997 1769 inferne
1040 1726 1273 1768 attenuatis
1320 1725 1486 1768 obtusis
1527 1729 1793 1771 mucronatis

96 1784 356 1841 plerumque
384 1788 595 1838 recurvis,
622 1786 847 1829 floralibus
880 1785 1120 1827 bracteolas
1160 1785 1449 1837 triangulares
1484 1790 1630 1828 acutas
1668 1799 1796 1841 supe·

98 1845 319 1892 rantibus,
366 1846 548 1889 floribus
597 1845 834 1888 laxiuscule
873 1844 1072 1901 spicatis,
1116 1844 1326 1897 perigenii
1372 1844 1583 1886 fructiferi
1627 1846 1794 1889 1313111113

97 1904 437 1948 membranaceis
461 1906 504 1947 in
530 1917 684 1947 conum
709 1902 1042 1947 conniventibus
1071 1904 1193 1955 longe
1218 1903 1466 1945 lanceolatis
1492 1903 1678 1955 obtusis,
1710 1905 1792 1948 alis

97 1963 343 2006 Stramineis
360 1965 471 2007 infra
490 1964 679 2006 medium
696 1963 802 2006 ortis
820 1961 1071 2005 orbiculatis
1087 1960 1546 2014 crenulatis,a11t11e1'is
1567 1964 1737 2005 inuticis
1756 1971 1791 2012 5.

144 2036 244 2073 Hal).
266 2039 304 2073 in
325 2039 467 2074 Persi-ae
487 2039 640 2074 deserto
659 2038 773 2073 Hauz
792 2039 803 2072 i
823 2036 962 2072 Sultan
984 2037 1084 2071 inter
1101 2035 1281 2071 Teheran
1306 2038 1343 2071 et
1362 2036 1535 2082 Ispahan
1562 2036 1744 2080 (Huussk
1757 2039 1796 2083 1),

97 2082 145 2119 ad
164 2084 337 2120 Hassara
354 2086 455 2121 inter
474 2085 624 2121 Kasbin
642 2088 680 2121 et
697 2085 877 2120 Teheran
899 2083 1098 2128 (Buhsel).

145 2148 282 2184 Affinis
301 2149 340 2186 S.
356 2149 513 2196 (slaucoe
529 2149 710 2196 specifice
732 2149 886 2185 differre
907 2148 1060 2183 videtur
1086 2147 1190 2183 foliis
1219 2147 1477 2183 crassioribus
1496 2148 1671 2182 recurvis
1690 2151 1797 2194 parte

99 2195 271 2232 inferiori
289 2199 499 2233 attenuatis
518 2199 625 2244 apice
645 2198 881 2233 muci-enatis
903 2196 966 2231 3-4
985 2195 1109 2230 lineas
1130 2197 1282 2230 tantuin
1302 2195 1432 2241 longis
1445 2196 1590 2240 saepius
1607 2196 1795 2240 recurvis,

98 2243 214 2278 ramis
233 2244 411 2280 floriferis
432 2244 751 2291 semipedalibus,
772 2242 968 2290 perigonii
986 2242 1134 2288 phyllis
1154 2241 1270 2287 longe
1289 2242 1518 2277 lunc-colatis
1538 2242 1700 2276 obtusis.

160 2351 228 2393 19.
263 2350 316 2394 S.
341 2352 704 2408 subaphylla
728 2351 848 2408 (CA.
882 2351 990 2406 Mey.
1024 2351 1066 2393 in
1092 2350 1250 2393 Eichw.
1277 2349 1401 2404 Casp,
1435 2364 1477 2404 p.
1506 2351 1575 2403 34,
1604 2350 1685 2392 tab.
1718 2349 1792 2404 24)

102 2409 303 2453 fruticosa
351 2413 499 2464 glabra
542 2426 563 2454 a
609 2413 696 2454 basi
749 2411 1014 2454 divaricatim
1057 2410 1353 2454 ramosissima
1405 2410 1536 2451 ramis
1586 2409 1793 2462 patentim

97 2462 627 2524 ramulosis‘paniculatis‚
661 2471 773 2514 foliis
813 2470 960 2524 paucis
993 2470 1173 2514 remotis
1208 2469 1433 2523 fragilibus
1461 2469 1543 2511 cito
1572 2467 1793 2511 exsiccatis

94 2529 139 2568 et
164 2527 359 2572 deciduis
378 2530 711 2584 subcylindricis
736 2529 1039 2573 crassiusculis
1057 2529 1194 2573 acutis
1212 2528 1540 2579 mucronutalis,
1567 2525 1793 2568 floralibus

96 2596 144 2627 ac
183 2587 412 2631 bracteolis
448 2590 702 2644 aequilongis
742 2589 1148 2643 squamaeformibus
1188 2587 1272 2629 late
1308 2587 1445 2630 ovatis
1483 2587 1672 2638 margine
1707 2585 1793 2627 late

93 2646 298 2689 scariosis
336 2647 514 2701 obtusis,
542 2648 725 2692 floribus
757 2648 881 2702 longe
909 2652 951 2690 et
982 2648 1076 2690 laxe
1110 2647 1300 2704 spicatis,
1333 2646 1542 2699 perigonii
1583 2642 1791 2686 fructiferi

98 2702 260 2748 laciniis
279 2706 620 2759 triangularibus
644 2707 993 2759 conniventibus,
1011 2708 1092 2750 alis
1119 2721 1140 2750 a
1170 2706 1310 2748 medio
1333 2705 1461 2747 dorso
1492 2705 1597 2746 ortis
1619 2702 1791 2745 strami-

96 2763 189 2805 neis
232 2765 795 2810 semiorbiculari-obovatis
834 2766 1074 2809 imbricatis
1119 2765 1309 2817 margine
1349 2763 1550 2816 erosulis,
1598 2761 1792 2803 antlieris

98 2822 268 2865 muticis
290 2830 325 2871 5.
352 2823 601 2879 Caroxylon
622 2824 933 2882 subaphyllaecm
958 2825 1065 2880 Moq.
1094 2827 1119 2869 1.
1148 2827 1217 2868 cit.
1237 2838 1276 2878 p.
1305 2822 1405 2866 173.

143 2895 243 2931 Hab.
266 2897 314 2932 ad
336 2897 447 2934 littus
474 2900 594 2935 maris
627 2900 701 2936 Cas
733 2901 760 2936 1i
787 2901 828 2936 in
856 2901 1122 2937 Tui-comanis
1149 2900 1397 2936 meridionali
1428 2899 1476 2934 ad
1497 2896 1793 2935 Krasnowodsk

95 2941 193 2986 (Kar
206 2945 243 2989 1),
260 2945 299 2980 111
315 2945 581 2982 Turkestania
596 2911 890 2984 inte1·¹l)3uchara
906 2951 945 2984 et
957 2948 1195 2984 Samarcand
1210 2948 1354 2992 (Lehm
1365 2948 1401 2992 l),
1411 2946 1621 2993 Affghania
1631 2944 1750 2991 (Griss'
1757 2945 1796 2990 1),

144 3005 291 3044 Frutex
308 3010 608 3065 1-1¹s2-pedalis,
625 3012 720 3048 folia
739 3023 827 3049 rara
845 3013 920 3050 cito
938 3014 1108 3051 evanida
1121 3014 1303 3062 pollicem
1317 3013 1524 3051 dimidium
1539 3015 1605 3051 aut
1620 3012 1796 3059 amplius
