2100 3262
303 213 398 251 1062
1002 221 1288 248 SANTALACEAE.
1801 213 1998 254 Thasium.

351 296 414 331 Ar.
433 296 563 339 Geoqr.
591 293 724 330 Gallia
748 293 944 340 australis,
975 292 1180 340 Hispania,
1202 292 1327 338 Italia,
1358 292 1511 338 Carnia‚
1541 292 1755 339 Dalmatia,
1786 293 2003 344 Hungar1a,

305 342 454 388 Serma,
476 341 610 377 Africa
626 340 811 376 borealis.

366 446 404 486 5.
438 444 494 486 T.
522 452 832 486 ramosum
855 442 1027 497 (Hayne
1050 443 1094 486 in
1121 443 1296 487 Schrad.
1323 443 1476 486 Journ.
1506 443 1630 493 1800,
1667 456 1707 498 p.
1739 445 1809 498 30,
1843 446 1928 488 tab.
1957 449 2005 503 7)

305 503 450 546 radice
475 502 688 545 fusiformi
716 502 971 556 multicipiti‚
993 502 1191 546 caulibus
1215 502 1371 546 erectis
1396 504 1438 545 et
1458 502 1794 546 ascendentibus
1819 517 1841 546 a
1862 506 2005 550 medio

306 561 507 612 ramosis,
538 561 672 603 ramis
708 561 940 604 racemosis
978 562 1160 604 ramulis
1197 560 1485 604 subunissoris
1523 562 1867 616 erecto-patulis,
1891 564 2008 609 foliis.

303 619 542 663 linearibus
589 619 917 672 subtrinerviis‚
964 619 1150 663 bracteis
1188 623 1231 662 et
1277 619 1507 663 bracteolis
1550 618 2007 666 denticulato-scabris

302 677 375 721 illa
396 680 542 722 fructu
566 678 758 732 longiore
786 679 903 723 hisce
925 680 1113 722 fructum
1144 679 1432 734 aequantibus.
1470 689 1581 720 nuce
1608 678 1861 732 ellipsoidea
1885 681 2007 735 pedi-

303 738 412 781 cello
447 750 526 781 suo
566 738 728 792 3-4-plo
772 738 980 791 longiore,
1027 738 1248 792 perigonio
1288 739 1454 781 fructus
1492 737 1689 780 involuto
1726 750 1835 782 nuce
1873 740 2007 794 triplo

302 796 505 839 breviore
530 802 588 844 26.
618 796 751 839 Rchb.
781 795 832 839 lc.
859 797 951 840 Bot.
980 797 1050 851 fig.
1077 798 1178 840 646.
1202 821 1260 827 -
1282 797 1418 840 Rchb.
1446 796 1507 838 fil.
1535 794 1593 838 Ic.
1616 794 1760 839 Germ.
1782 797 1850 851 fig.
1876 800 2000 842 1154.

309 855 348 898 T.
367 859 572 908 pratense
598 855 752 899 Ledeb.
781 856 844 898 Fl.
867 855 995 899 Ross.
1026 855 1098 901 III.
1121 869 1159 910 p.
1186 857 1269 898 542
1297 869 1382 899 non
1403 854 1535 899 Ehrh.
1558 878 1610 885 —
1640 855 1685 897 T.
1709 855 2004 901 divaricatum

303 927 394 957 var.
422 926 668 968 cccpansum
692 915 834 958 Boiss.
862 918 905 958 et
922 915 1075 957 Heldr.
1097 915 1252 968 Diagn.
1278 915 1371 958 Ser.
1397 915 1450 967 ΙΙ,
1469 915 1508 966 4,
1534 925 1572 967 p.
1588 914 1639 956 81
1664 914 1799 957 forma
1821 916 2002 961 ramulis

303 973 516 1028 elongatis
542 975 676 1028 magis
701 974 923 1028 expansis.

346 1047 448 1083 Halo.
470 1047 512 1083 in
538 1049 697 1094 regione
717 1047 852 1094 alpina
871 1046 1027 1083 AEtoliae
1055 1047 1225 1092 (Samar.
1246 1050 1284 1084 et
1302 1047 1472 1093 Guich,
1503 1046 1706 1083 montibus
1724 1046 1854 1093 Lyciae
1885 1058 2003 1095 supra

300 1092 448 1130 Elmali
476 1095 674 1141 (Rom-gt),
703 1095 965 1142 Cappadociae
998 1096 1130 1131 monte
1167 1095 1340 1142 Alidagh
1372 1095 1463 1139 (Bal
1476 1095 1514 1141 1),
1545 1095 1671 1130 Ponto
1701 1104 1823 1141 supra
1853 1094 2001 1142 Trape-

302 1145 458 1177 zuntem
489 1144 525 1177 et
553 1143 701 1178 Baibut
725 1142 927 1188 (Rom-gl),
956 1142 1083 1178 Ponto
1110 1142 1254 1178 Lazico
1281 1153 1402 1189 supra
1421 1141 1562 1189 Djimil
1577 1140 1682 1176 6300‘
1702 1141 1840 1187 (Ball),
1870 1145 2002 1178 monte

300 1189 530 1234 Berytdagh
561 1190 761 1225 Cataoniae
791 1189 1021 1235 (Hausskl)‚
1054 1190 1240 1225 Armenia
1271 1189 1433 1225 australi
1462 1191 1503 1225 in
1529 1188 1707 1224 districtu
1736 1188 1871 1224 Warto
1909 1189 2002 1236 (ΚΥ.

302 1236 440 1283 Suppl.
468 1237 568 1283 577),
598 1236 775 1272 Caucaso
806 1236 1055 1272 meridionali
1078 1237 1268 1281 (Wilhm.‚
1300 1236 1474 1283 Rehml),
1509 1236 1822 1272 Transeaucasia
1853 1236 2006 1283 (Hoh.)‚

301 1283 439 1319 Persia
454 1283 605 1319 boreali
623 1293 745 1330 prope
764 1283 905 1320 Tabris
924 1286 962 1319 et
978 1284 1108 1319 Siaret
1126 1284 1223 1330 (Bge
1236 1285 1274 1330 l).

358 1347 401 1401 β.
426 1347 684 1400 asperuletm
705 1347 834 1402 Alph.
858 1360 938 1391 nc.
960 1348 1113 1391 Prodr.
1134 1348 1247 1400 XIV,
1273 1362 1310 1402 p.
1332 1349 1431 1391 664.
1458 1371 1509 1379 -
1535 1348 1691 1391 Totum
1717 1348 1770 1390 ad
1798 1348 1999 1393 soliorum

302 1407 535 1461 margines,
561 1419 721 1457 ramos,
746 1408 939 1450 ramulos
965 1410 1008 1451 et
1031 1408 1227 1451 bracteas
1253 1407 1701 1463 asperulo-scabrum.
1730 1432 1785 1442 -=
1813 1408 1852 1450 T.
1881 1419 2004 1461 aspc-

299 1465 451 1508 rutum
478 1466 612 1509 Boiss.
638 1469 681 1508 et
706 1466 853 1509 Buhse
880 1466 1002 1509 Aufz.
1034 1480 1072 1522 p.
1101 1468 1197 1510 194.

349 1541 448 1576 Hah.
467 1541 508 1576 in
527 1541 715 1577 Armenia
734 1541 897 1578 Rossica
914 1541 1118 1587 (Buhsel).

348 1595 507 1642 Species
535 1595 575 1631 T.
596 1595 818 1633 dz'varz‘cato
836 1597 964 1632 affinis
990 1596 1121 1632 differt
1145 1597 1310 1632 ramulis
1336 1595 1519 1632 floriferis
1545 1595 1812 1633 strictioribus
1839 1588 2003 1636 subuni-

300 1642 418 1687 ssoris‚
435 1643 594 1679 bractea
602 1643 739 1726 ἑῃιῐςω
759 1643 886 1680 multo
904 1643 1092 1690 longiore.
1126 1645 1328 1691 Perigonii
1351 1644 1437 1680 lobi
1454 1653 1592 1680 versus
1610 1644 1785 1680 medium
1805 1644 2003 1683 denticulo

301 1700 381 1726 non
399 1701 556 1737 semper
577 1701 599 1726 0
629 1702 663 1726 si
682 1701 708 1726 1.

300 1801 326 1838 S
346 1755 407 1790 Ar.
435 1754 566 1808 Geogr.
591 1755 764 1801 Austria,
796 1753 1009 1800 Dalmatia,
1042 1754 1190 1800 Sei-bia,
1222 1755 1328 1801 regio
1358 1752 1610 1801 Danubialis,
1639 1754 1785 1790 Bossia
1805 1754 2005 1802 australis,

330 1811 506 1849 ongaria.

358 1914 398 1955 6.
429 1912 482 1954 T.
507 1911 798 1955 Parnassi
824 1911 972 1966 (Alph.
999 1925 1085 1956 ω).
1110 1912 1264 1955 Prodr.
1287 1911 1407 1964 XIV,
1432 1925 1475 1966 p.
1500 1911 1607 1967 643)
1635 1911 1781 1955 radice
1805 1914 2001 1957 tortuosa

299 1971 567 2021 stolonifera‚
590 1970 786 2015 caulibus
811 1971 1085 2014 filiformibus
1107 1972 1277 2025 pusillis
1300 1970 1637 2013 ascendentibus
1663 1970 1932 2025 simplicibus
1955 1972 2000 2015 in

297 2042 493 2074 racemos
517 2031 674 2073 breves
697 2031 958 2085 paucissoros
986 2031 1269 2082 abeuntibus,
1299 2030 1412 2073 foliis
1436 2031 1620 2083 anguste
1642 2029 1880 2073 linearibus
1907 2031 2000 2073 uni-

300 2090 480 2140 nerviis‚
518 2091 696 2134 ramulis
721 2090 927 2133 floriferis
963 2090 1173 2133 brevibus
1205 2088 1532 2143 erecto-patulis
1562 2088 1774 2139 unissoris‚
1812 2089 2000 2133 bracteis

298 2149 494 2201 margine
527 2150 707 2193 laevibus
734 2149 940 2191 inferiore
963 2150 1154 2191 fructum
1182 2151 1434 2204 superante,
1468 2160 1578 2191 nuce
1601 2148 1853 2203 ellipsoidea
1880 2148 2000 2202 pedi-

298 2208 406 2251 cello
431 2220 510 2250 suo
533 2213 664 2263 atque
694 2208 914 2262 perigenio
938 2208 1185 2263 quadruplo
1209 2208 1403 2262 longiore
1431 2213 1490 2255 36.
1522 2207 1562 2249 T.
1581 2218 1809 2249 ramosum
1827 2206 1997 2251 Griseb.

298 2268 411 2323 Spic.
439 2267 492 2319 ΙΙ,
521 2281 561 2322 p.
595 2268 679 2310 223
708 2279 792 2310 non
819 2267 988 2321 Hayne.

341 2342 445 2378 Hah.
467 2343 507 2378 in
526 2345 684 2389 regione
702 2343 902 2389 superiore
920 2343 1108 2380 Parnassi
1124 2353 1249 2390 supra
1269 2341 1444 2379 Dakalia.
1461 2340 1616 2387 (Guicc.
1635 2341 1677 2377 in
1699 2340 1833 2378 Heldr.
1855 2341 1912 2377 Fl.
1931 2341 1998 2380 Gr.

297 2399 378 2425 exs
398 2389 534 2434 29411)‚
559 2390 795 2426 Macedonia
812 2390 852 2425 in
872 2392 1006 2426 monte
1024 2390 1210 2427 Peristeri
1229 2388 1433 2435 (Griseb.).

344 2445 486 2481 Caules
505 2457 593 2482 cum
610 2456 763 2482 racemo
784 2445 1093 2493 2-3-pollicares.
1111 2446 1405 2483 Inflorescentia
1422 2447 1460 2481 et
1475 2445 1625 2481 fructus
1649 2444 1690 2481 T.
1709 2444 1865 2482 ramosi
1879 2456 1902 2481 a
1920 2455 1997 2491 quo

295 2495 440 2539 praeter
460 2493 590 2529 caules
609 2493 750 2529 breves
770 2493 937 2540 pusillos
954 2493 1152 2540 simplices
1172 2497 1208 2529 et
1224 2494 1396 2529 bracteas
1415 2492 1537 2529 laeves
1558 2502 1629 2528 nec
1646 2492 1847 2528 scabridas
1868 2493 1998 2529 radice

296 2538 471 2576 stolones
503 2541 708 2577 filiformes
741 2543 878 2576 tenues
910 2540 1047 2576 edente
1078 2541 1259 2587 specifice
1291 2539 1446 2576 differre
1484 2539 1654 2575 videtur.
1703 2540 1831 2586 Magis
1872 2540 1999 2575 affinis

296 2586 342 2670 gl
372 2586 652 2670 braeliyphyllo
685 2587 816 2624 differt
847 2588 1028 2624 caulibus
1058 2588 1147 2625 basi
1177 2587 1431 2625 filiformibus
1461 2589 1499 2623 et
1528 2586 1657 2633 nudis,
1686 2587 1854 2623 racemis
1883 2586 2000 2631 laxis,

326 2635 465 2670 racteis
499 2636 665 2671 aevibus.

342 2700 403 2782 ‘lut'
423 2700 555 2746 Geoqr.
580 2700 796 2747 Dalmatia,
816 2699 1089 2747 Herzegovina
1107 2701 1148 2737 in
1165 2702 1300 2736 monte
1325 2699 1427 2736 Korn
1446 2699 1639 2747 (Pancic),
1662 2699 1875 2747 Aprutium
1896 2699 1998 2736 Nea-

296 2757 346 2793 po
368 2759 379 2782 1
400 2757 531 2784 anum.

359 2855 395 2895 7.
430 2852 483 2896 Τ.
509 2853 1012 2910 hrachyphyllum
1041 2854 1205 2910 (Boiss
1236 2855 1390 2911 Diagn.
1413 2854 1507 2898 Ser.
1536 2853 1565 2906 1,
1597 2855 1640 2903 5,
1673 2867 1712 2909 p.
1737 2854 1815 2909 48)
1840 2854 1996 2909 pallide

298 2912 446 2955 virens
480 2925 596 2968 saepe
634 2914 947 2964 scapi-idaiam,
979 2914 1214 2956 rhizomate
1240 2914 1440 2958 indurato
1469 2926 1642 2956 ramoso
1675 2914 1924 2958 stolonifero
1954 2917 1996 2957 et

295 2972 530 3026 radicante,
568 2973 763 3017 caulibus
789 2973 914 3016 nanis
941 2973 1174 3028 prostratis
1203 2977 1247 3016 et
1279 2973 1618 3017 ascendentibus
1652 2973 1924 3028 simplicibus
1949 2973 1994 3015 in
