<?xml version="1.0" encoding="UTF-8"?>
<!DOCTYPE html PUBLIC "-//W3C//DTD XHTML 1.0 Transitional//EN"
    "http://www.w3.org/TR/xhtml1/DTD/xhtml1-transitional.dtd">
<html xmlns="http://www.w3.org/1999/xhtml" xml:lang="en" lang="en">
 <head>
  <title>
</title>
<meta http-equiv="Content-Type" content="text/html;charset=utf-8" />
  <meta name='ocr-system' content='tesseract 3.04.00' />
  <meta name='ocr-capabilities' content='ocr_page ocr_carea ocr_par ocr_line ocrx_word'/>
</head>
<body>
  <div class='ocr_page' id='page_1' title='image "./floraorientaliss04bois/floraorientaliss04bois_0948.png"; bbox 0 0 2100 3262; ppageno 0'>
   <div class='ocr_carea' id='block_1_1' title="bbox 289 247 1976 291">
    <p class='ocr_par' dir='ltr' id='par_1_1' title="bbox 289 247 1976 291">
     <span class='ocr_line' id='line_1_1' title="bbox 289 247 1976 291; baseline -0.002 -7"><span class='ocrx_word' id='word_1_1' title='bbox 289 255 358 291; x_wconf 81' lang='lat'>940</span> <span class='ocrx_word' id='word_1_2' title='bbox 1002 255 1272 283; x_wconf 72' lang='lat' dir='ltr'>SALsoLACEAE.</span> <span class='ocrx_word' id='word_1_3' title='bbox 1819 247 1976 289; x_wconf 73' lang='lat' dir='ltr'>Suoeda,</span> 
     </span>
    </p>
   </div>
   <div class='ocr_carea' id='block_1_2' title="bbox 335 326 1718 378">
    <p class='ocr_par' dir='ltr' id='par_1_2' title="bbox 335 326 1718 378">
     <span class='ocr_line' id='line_1_2' title="bbox 335 326 1718 378; baseline -0.005 -8"><span class='ocrx_word' id='word_1_4' title='bbox 335 335 435 370; x_wconf 89' lang='lat' dir='ltr'>Hab.</span> <span class='ocrx_word' id='word_1_5' title='bbox 458 335 498 368; x_wconf 90' lang='lat' dir='ltr'>in</span> <span class='ocrx_word' id='word_1_6' title='bbox 519 331 673 378; x_wconf 83' lang='lat' dir='ltr'>Egypto</span> <span class='ocrx_word' id='word_1_7' title='bbox 694 339 813 377; x_wconf 81' lang='lat' dir='ltr'>prope</span> <span class='ocrx_word' id='word_1_8' title='bbox 834 327 1114 364; x_wconf 79' lang='lat' dir='ltr'>Alexandriam</span> <span class='ocrx_word' id='word_1_9' title='bbox 1134 326 1302 372; x_wconf 85' lang='lat' dir='ltr'>(Forsk.‚</span> <span class='ocrx_word' id='word_1_10' title='bbox 1320 326 1407 363; x_wconf 86' lang='lat' dir='ltr'>Del.</span> <span class='ocrx_word' id='word_1_11' title='bbox 1423 327 1465 362; x_wconf 90' lang='lat' dir='ltr'>in</span> <span class='ocrx_word' id='word_1_12' title='bbox 1480 335 1553 363; x_wconf 84' lang='lat' dir='ltr'>D.c.</span> <span class='ocrx_word' id='word_1_13' title='bbox 1573 326 1718 373; x_wconf 71' lang='lat' dir='ltr'>herm).</span> 
     </span>
    </p>
   </div>
   <div class='ocr_carea' id='block_1_3' title="bbox 288 381 1978 528">
    <p class='ocr_par' dir='ltr' id='par_1_3' title="bbox 288 381 1978 528">
     <span class='ocr_line' id='line_1_3' title="bbox 336 381 1974 433; baseline -0.004 -8"><span class='ocrx_word' id='word_1_14' title='bbox 336 389 450 426; x_wconf 84' lang='lat' dir='ltr'>Rami</span> <span class='ocrx_word' id='word_1_15' title='bbox 466 388 585 423; x_wconf 82' lang='lat' dir='ltr'>erecti</span> <span class='ocrx_word' id='word_1_16' title='bbox 603 385 762 433; x_wconf 77' lang='lat' dir='ltr'>pedales</span> <span class='ocrx_word' id='word_1_17' title='bbox 780 384 846 420; x_wconf 82' lang='lat' dir='ltr'>vel</span> <span class='ocrx_word' id='word_1_18' title='bbox 860 383 992 419; x_wconf 88' lang='lat' dir='ltr'>diffusi</span> <span class='ocrx_word' id='word_1_19' title='bbox 1010 383 1185 427; x_wconf 79' lang='lat' dir='ltr'>flexuosi,</span> <span class='ocrx_word' id='word_1_20' title='bbox 1211 381 1306 417; x_wconf 83' lang='lat' dir='ltr'>folia</span> <span class='ocrx_word' id='word_1_21' title='bbox 1331 382 1443 426; x_wconf 78' lang='lat' dir='ltr'>1-1¹l2</span> <span class='ocrx_word' id='word_1_22' title='bbox 1469 381 1594 417; x_wconf 87' lang='lat' dir='ltr'>lineas</span> <span class='ocrx_word' id='word_1_23' title='bbox 1622 381 1741 429; x_wconf 83' lang='lat' dir='ltr'>longa</span> <span class='ocrx_word' id='word_1_24' title='bbox 1767 382 1827 427; x_wconf 86' lang='lat' dir='ltr'>(in</span> <span class='ocrx_word' id='word_1_25' title='bbox 1848 384 1974 430; x_wconf 85' lang='lat' dir='ltr'>speci-</span> 
     </span>
     <span class='ocr_line' id='line_1_4' title="bbox 288 428 1977 475; baseline -0.008 -2"><span class='ocrx_word' id='word_1_26' title='bbox 288 437 463 474; x_wconf 84' lang='lat' dir='ltr'>minibus</span> <span class='ocrx_word' id='word_1_27' title='bbox 481 444 530 470; x_wconf 82' lang='lat' dir='ltr'>ex</span> <span class='ocrx_word' id='word_1_28' title='bbox 551 434 655 470; x_wconf 84' lang='lat' dir='ltr'>Oran</span> <span class='ocrx_word' id='word_1_29' title='bbox 672 433 757 469; x_wconf 90' lang='lat' dir='ltr'>Bal.</span> <span class='ocrx_word' id='word_1_30' title='bbox 777 442 857 467; x_wconf 85' lang='lat' dir='ltr'>exs.</span> <span class='ocrx_word' id='word_1_31' title='bbox 875 430 946 466; x_wconf 81' lang='lat'>419</span> <span class='ocrx_word' id='word_1_32' title='bbox 962 432 1093 465; x_wconf 85' lang='lat' dir='ltr'>tamen</span> <span class='ocrx_word' id='word_1_33' title='bbox 1121 430 1269 475; x_wconf 83' lang='lat' dir='ltr'>majora</span> <span class='ocrx_word' id='word_1_34' title='bbox 1298 431 1375 464; x_wconf 90' lang='lat' dir='ltr'>tres</span> <span class='ocrx_word' id='word_1_35' title='bbox 1404 428 1530 464; x_wconf 84' lang='lat' dir='ltr'>lineas</span> <span class='ocrx_word' id='word_1_36' title='bbox 1555 428 1692 475; x_wconf 85' lang='lat' dir='ltr'>longa)</span> <span class='ocrx_word' id='word_1_37' title='bbox 1719 430 1775 465; x_wconf 87' lang='lat' dir='ltr'>eis</span> <span class='ocrx_word' id='word_1_38' title='bbox 1800 430 1840 466; x_wconf 81' lang='lat' dir='ltr'>S.</span> <span class='ocrx_word' id='word_1_39' title='bbox 1855 431 1977 475; x_wconf 69' lang='lat' dir='ltr'>frati-</span> 
     </span>
     <span class='ocr_line' id='line_1_5' title="bbox 289 474 1978 528; baseline -0.005 -7"><span class='ocrx_word' id='word_1_40' title='bbox 289 494 387 521; x_wconf 81' lang='lat' dir='ltr'>c-osoe</span> <span class='ocrx_word' id='word_1_41' title='bbox 406 480 618 528; x_wconf 78' lang='lat' dir='ltr'>brevifoliae</span> <span class='ocrx_word' id='word_1_42' title='bbox 641 480 768 516; x_wconf 84' lang='lat' dir='ltr'>multo</span> <span class='ocrx_word' id='word_1_43' title='bbox 794 477 971 514; x_wconf 83' lang='lat' dir='ltr'>tenuiora</span> <span class='ocrx_word' id='word_1_44' title='bbox 998 478 1035 511; x_wconf 88' lang='lat' dir='ltr'>et</span> <span class='ocrx_word' id='word_1_45' title='bbox 1060 477 1185 521; x_wconf 80' lang='lat' dir='ltr'>magis</span> <span class='ocrx_word' id='word_1_46' title='bbox 1213 474 1431 521; x_wconf 87' lang='lat' dir='ltr'>imbricata,</span> <span class='ocrx_word' id='word_1_47' title='bbox 1455 475 1706 522; x_wconf 83' lang='lat' dir='ltr'>perigom&#39;um</span> <span class='ocrx_word' id='word_1_48' title='bbox 1732 476 1978 515; x_wconf 83' lang='lat' dir='ltr'>fructiferum</span> 
     </span>
    </p>
   </div>
   <div class='ocr_carea' id='block_1_4' title="bbox 288 532 433 567">
    <p class='ocr_par' dir='ltr' id='par_1_4' title="bbox 288 532 433 567">
     <span class='ocr_line' id='line_1_6' title="bbox 288 532 433 567; baseline -0.014 0"><span class='ocrx_word' id='word_1_49' title='bbox 288 532 433 567; x_wconf 89' lang='lat' dir='ltr'>minus.</span> 
     </span>
    </p>
   </div>
   <div class='ocr_carea' id='block_1_5' title="bbox 290 584 1977 686">
    <p class='ocr_par' dir='ltr' id='par_1_5' title="bbox 290 584 1977 686">
     <span class='ocr_line' id='line_1_7' title="bbox 336 584 1977 638; baseline -0.004 -9"><span class='ocrx_word' id='word_1_50' title='bbox 336 594 397 629; x_wconf 87' lang='lat' dir='ltr'>Ar.</span> <span class='ocrx_word' id='word_1_51' title='bbox 418 593 547 638; x_wconf 78' lang='lat' dir='ltr'>Geoqr.</span> <span class='ocrx_word' id='word_1_52' title='bbox 574 590 769 637; x_wconf 79' lang='lat' dir='ltr'>Hispania</span> <span class='ocrx_word' id='word_1_53' title='bbox 786 585 1138 624; x_wconf 84' lang='lat' dir='ltr'>austro-orientalis</span> <span class='ocrx_word' id='word_1_54' title='bbox 1164 585 1320 630; x_wconf 82' lang='lat' dir='ltr'>[Bourg.</span> <span class='ocrx_word' id='word_1_55' title='bbox 1339 584 1447 621; x_wconf 73' lang='lat'>1469!</span> <span class='ocrx_word' id='word_1_56' title='bbox 1466 586 1502 620; x_wconf 85' lang='lat' dir='ltr'>et</span> <span class='ocrx_word' id='word_1_57' title='bbox 1517 584 1588 621; x_wconf 81' lang='lat'>862</span> <span class='ocrx_word' id='word_1_58' title='bbox 1605 585 1678 621; x_wconf 86' lang='lat' dir='ltr'>sub</span> <span class='ocrx_word' id='word_1_59' title='bbox 1696 585 1736 622; x_wconf 90' lang='lat' dir='ltr'>S.</span> <span class='ocrx_word' id='word_1_60' title='bbox 1750 584 1977 635; x_wconf 68' lang='lat' dir='ltr'>fruticosd!‚</span> 
     </span>
     <span class='ocr_line' id='line_1_8' title="bbox 290 631 1718 686; baseline -0.006 -10"><span class='ocrx_word' id='word_1_61' title='bbox 290 640 422 686; x_wconf 77' lang='lat' dir='ltr'>Lange</span> <span class='ocrx_word' id='word_1_62' title='bbox 443 640 494 675; x_wconf 78' lang='grc' dir='ltr'>ΝΟ</span> <span class='ocrx_word' id='word_1_63' title='bbox 514 638 629 684; x_wconf 79' lang='lat'>1641),</span> <span class='ocrx_word' id='word_1_64' title='bbox 650 637 781 673; x_wconf 82' lang='lat' dir='ltr'>Africa</span> <span class='ocrx_word' id='word_1_65' title='bbox 798 633 965 670; x_wconf 84' lang='lat' dir='ltr'>borealis</span> <span class='ocrx_word' id='word_1_66' title='bbox 984 632 1032 668; x_wconf 90' lang='lat' dir='ltr'>ad</span> <span class='ocrx_word' id='word_1_67' title='bbox 1055 633 1327 677; x_wconf 85' lang='lat' dir='ltr'>Mostaganem</span> <span class='ocrx_word' id='word_1_68' title='bbox 1345 631 1446 676; x_wconf 84' lang='lat' dir='ltr'>(Bal.</span> <span class='ocrx_word' id='word_1_69' title='bbox 1466 631 1529 668; x_wconf 73' lang='lat'>38!</span> <span class='ocrx_word' id='word_1_70' title='bbox 1548 633 1585 667; x_wconf 86' lang='lat' dir='ltr'>et</span> <span class='ocrx_word' id='word_1_71' title='bbox 1601 632 1718 678; x_wconf 78' lang='lat'>4191).</span> 
     </span>
    </p>
   </div>
   <div class='ocr_carea' id='block_1_6' title="bbox 289 738 1982 1264">
    <p class='ocr_par' dir='ltr' id='par_1_6' title="bbox 289 738 1982 1264">
     <span class='ocr_line' id='line_1_9' title="bbox 353 738 1978 796; baseline -0.003 -8"><span class='ocrx_word' id='word_1_72' title='bbox 353 749 374 788; x_wconf 89' lang='lat'>7</span> <span class='ocrx_word' id='word_1_73' title='bbox 429 745 478 789; x_wconf 91' lang='lat' dir='ltr'>S.</span> <span class='ocrx_word' id='word_1_74' title='bbox 513 743 785 788; x_wconf 87' lang='lat' dir='ltr'>monoica</span> <span class='ocrx_word' id='word_1_75' title='bbox 809 740 981 796; x_wconf 76' lang='lat' dir='ltr'>(Forsk.</span> <span class='ocrx_word' id='word_1_76' title='bbox 1016 739 1091 792; x_wconf 81' lang='lat' dir='ltr'>Eg.</span> <span class='ocrx_word' id='word_1_77' title='bbox 1127 738 1244 780; x_wconf 89' lang='lat' dir='ltr'>Arab</span> <span class='ocrx_word' id='word_1_78' title='bbox 1288 751 1327 792; x_wconf 94' lang='lat' dir='ltr'>p.</span> <span class='ocrx_word' id='word_1_79' title='bbox 1357 738 1431 793; x_wconf 83' lang='lat'>70)</span> <span class='ocrx_word' id='word_1_80' title='bbox 1465 738 1670 782; x_wconf 84' lang='lat' dir='ltr'>fruticosa</span> <span class='ocrx_word' id='word_1_81' title='bbox 1694 739 1978 784; x_wconf 86' lang='lat' dir='ltr'>arborescens</span> 
     </span>
     <span class='ocr_line' id='line_1_10' title="bbox 290 797 1978 856; baseline -0.005 -6"><span class='ocrx_word' id='word_1_82' title='bbox 290 805 458 856; x_wconf 84' lang='lat' dir='ltr'>viridis,</span> <span class='ocrx_word' id='word_1_83' title='bbox 487 803 618 846; x_wconf 86' lang='lat' dir='ltr'>ramis</span> <span class='ocrx_word' id='word_1_84' title='bbox 640 801 795 845; x_wconf 86' lang='lat' dir='ltr'>erectis</span> <span class='ocrx_word' id='word_1_85' title='bbox 827 799 949 841; x_wconf 87' lang='lat' dir='ltr'>elatis</span> <span class='ocrx_word' id='word_1_86' title='bbox 982 798 1133 841; x_wconf 80' lang='lat' dir='ltr'>crebre</span> <span class='ocrx_word' id='word_1_87' title='bbox 1158 797 1388 840; x_wconf 78' lang='lat' dir='ltr'>ramulosis</span> <span class='ocrx_word' id='word_1_88' title='bbox 1421 797 1600 841; x_wconf 87' lang='lat' dir='ltr'>ramulis</span> <span class='ocrx_word' id='word_1_89' title='bbox 1627 799 1978 853; x_wconf 84' lang='lat' dir='ltr'>erecto-patenti-</span> 
     </span>
     <span class='ocr_line' id='line_1_11' title="bbox 289 856 1975 911; baseline -0.005 -3"><span class='ocrx_word' id='word_1_90' title='bbox 289 866 372 909; x_wconf 86' lang='lat' dir='ltr'>bus</span> <span class='ocrx_word' id='word_1_91' title='bbox 398 864 550 906; x_wconf 78' lang='lat' dir='ltr'>crebre</span> <span class='ocrx_word' id='word_1_92' title='bbox 575 861 751 911; x_wconf 71' lang='lat' dir='ltr'>foliosis‚</span> <span class='ocrx_word' id='word_1_93' title='bbox 774 858 884 901; x_wconf 84' lang='lat' dir='ltr'>foliis</span> <span class='ocrx_word' id='word_1_94' title='bbox 908 856 1149 900; x_wconf 87' lang='lat' dir='ltr'>carnosulis</span> <span class='ocrx_word' id='word_1_95' title='bbox 1172 857 1256 898; x_wconf 84' lang='lat' dir='ltr'>late</span> <span class='ocrx_word' id='word_1_96' title='bbox 1283 856 1520 900; x_wconf 83' lang='lat' dir='ltr'>linearibus</span> <span class='ocrx_word' id='word_1_97' title='bbox 1542 857 1824 910; x_wconf 87' lang='lat' dir='ltr'>planiusculis</span> <span class='ocrx_word' id='word_1_98' title='bbox 1850 858 1975 900; x_wconf 90' lang='lat' dir='ltr'>obtu-</span> 
     </span>
     <span class='ocr_line' id='line_1_12' title="bbox 293 915 1980 976; baseline -0.005 -9"><span class='ocrx_word' id='word_1_99' title='bbox 293 924 369 973; x_wconf 86' lang='lat' dir='ltr'>sis,</span> <span class='ocrx_word' id='word_1_100' title='bbox 416 921 614 976; x_wconf 82' lang='lat' dir='ltr'>panicula</span> <span class='ocrx_word' id='word_1_101' title='bbox 661 917 874 962; x_wconf 84' lang='lat' dir='ltr'>terminali</span> <span class='ocrx_word' id='word_1_102' title='bbox 919 915 1154 969; x_wconf 77' lang='lat' dir='ltr'>composita</span> <span class='ocrx_word' id='word_1_103' title='bbox 1201 915 1338 964; x_wconf 82' lang='lat' dir='ltr'>brevi,</span> <span class='ocrx_word' id='word_1_104' title='bbox 1386 915 1568 958; x_wconf 90' lang='lat' dir='ltr'>floribus</span> <span class='ocrx_word' id='word_1_105' title='bbox 1604 916 1844 971; x_wconf 83' lang='lat' dir='ltr'>polygamis</span> <span class='ocrx_word' id='word_1_106' title='bbox 1885 916 1980 958; x_wconf 69' lang='grc'><strong>2-3-</strong></span> 
     </span>
     <span class='ocr_line' id='line_1_13' title="bbox 292 974 1980 1037; baseline -0.004 -13"><span class='ocrx_word' id='word_1_107' title='bbox 292 980 589 1037; x_wconf 65' lang='lat' dir='ltr'>glomer-ulans</span> <span class='ocrx_word' id='word_1_108' title='bbox 606 980 648 1020; x_wconf 91' lang='lat' dir='ltr'>in</span> <span class='ocrx_word' id='word_1_109' title='bbox 670 978 809 1031; x_wconf 88' lang='lat' dir='ltr'>spicas</span> <span class='ocrx_word' id='word_1_110' title='bbox 824 975 1074 1019; x_wconf 82' lang='lat' dir='ltr'>terminales</span> <span class='ocrx_word' id='word_1_111' title='bbox 1092 974 1354 1017; x_wconf 78' lang='lat' dir='ltr'>laxiusculas</span> <span class='ocrx_word' id='word_1_112' title='bbox 1373 974 1607 1028; x_wconf 81' lang='lat' dir='ltr'>dispositis,</span> <span class='ocrx_word' id='word_1_113' title='bbox 1624 975 1737 1017; x_wconf 85' lang='lat' dir='ltr'>foliis</span> <span class='ocrx_word' id='word_1_114' title='bbox 1756 974 1980 1017; x_wconf 86' lang='lat' dir='ltr'>floralibus</span> 
     </span>
     <span class='ocr_line' id='line_1_14' title="bbox 293 1032 1981 1094; baseline -0.005 -10"><span class='ocrx_word' id='word_1_115' title='bbox 293 1041 494 1094; x_wconf 82' lang='lat' dir='ltr'>elliplicis</span> <span class='ocrx_word' id='word_1_116' title='bbox 520 1039 609 1081; x_wconf 78' lang='lat' dir='ltr'>basi</span> <span class='ocrx_word' id='word_1_117' title='bbox 639 1036 761 1079; x_wconf 88' lang='lat' dir='ltr'>valde</span> <span class='ocrx_word' id='word_1_118' title='bbox 783 1034 1016 1078; x_wconf 83' lang='lat' dir='ltr'>attenuatis</span> <span class='ocrx_word' id='word_1_119' title='bbox 1043 1033 1321 1076; x_wconf 85' lang='lat' dir='ltr'>inferioribus</span> <span class='ocrx_word' id='word_1_120' title='bbox 1349 1032 1479 1075; x_wconf 89' lang='lat' dir='ltr'>flores</span> <span class='ocrx_word' id='word_1_121' title='bbox 1515 1033 1839 1086; x_wconf 78' lang='lat' dir='ltr'>superantibus,</span> <span class='ocrx_word' id='word_1_122' title='bbox 1868 1033 1981 1086; x_wconf 90' lang='lat' dir='ltr'>peri-</span> 
     </span>
     <span class='ocr_line' id='line_1_15' title="bbox 292 1091 1981 1154; baseline -0.004 -12"><span class='ocrx_word' id='word_1_123' title='bbox 292 1100 405 1154; x_wconf 82' lang='lat' dir='ltr'>gonii</span> <span class='ocrx_word' id='word_1_124' title='bbox 444 1096 652 1140; x_wconf 78' lang='lat' dir='ltr'>fructiferi</span> <span class='ocrx_word' id='word_1_125' title='bbox 687 1092 1062 1145; x_wconf 73' lang='lat' dir='ltr'>obovato-oblongi</span> <span class='ocrx_word' id='word_1_126' title='bbox 1101 1091 1264 1134; x_wconf 83' lang='lat' dir='ltr'>laciniis</span> <span class='ocrx_word' id='word_1_127' title='bbox 1304 1092 1442 1135; x_wconf 83' lang='lat' dir='ltr'>ovatis</span> <span class='ocrx_word' id='word_1_128' title='bbox 1477 1091 1600 1134; x_wconf 87' lang='lat' dir='ltr'>siccis</span> <span class='ocrx_word' id='word_1_129' title='bbox 1634 1091 1981 1145; x_wconf 82' lang='lat' dir='ltr'>conniventibus,</span> 
     </span>
     <span class='ocr_line' id='line_1_16' title="bbox 295 1149 1978 1204; baseline -0.005 -3"><span class='ocrx_word' id='word_1_130' title='bbox 295 1159 457 1201; x_wconf 86' lang='lat' dir='ltr'>semine</span> <span class='ocrx_word' id='word_1_131' title='bbox 475 1156 571 1199; x_wconf 82' lang='lat' dir='ltr'>laevi</span> <span class='ocrx_word' id='word_1_132' title='bbox 591 1153 784 1196; x_wconf 85' lang='lat' dir='ltr'>verticali</span> <span class='ocrx_word' id='word_1_133' title='bbox 807 1151 941 1194; x_wconf 82' lang='lat' dir='ltr'>nitido</span> <span class='ocrx_word' id='word_1_134' title='bbox 964 1151 1236 1194; x_wconf 87' lang='lat' dir='ltr'>subrostrato</span> <span class='ocrx_word' id='word_1_135' title='bbox 1253 1157 1287 1199; x_wconf 81' lang='lat'>5.</span> <span class='ocrx_word' id='word_1_136' title='bbox 1312 1149 1352 1192; x_wconf 88' lang='lat' dir='ltr'>S.</span> <span class='ocrx_word' id='word_1_137' title='bbox 1375 1150 1529 1193; x_wconf 79' lang='lat' dir='ltr'>Inde&#39;ca</span> <span class='ocrx_word' id='word_1_138' title='bbox 1546 1150 1663 1192; x_wconf 86' lang='lat' dir='ltr'>Thw.</span> <span class='ocrx_word' id='word_1_139' title='bbox 1687 1149 1802 1204; x_wconf 87' lang='lat' dir='ltr'>Ceyl.</span> <span class='ocrx_word' id='word_1_140' title='bbox 1827 1150 1978 1193; x_wconf 87' lang='lat' dir='ltr'>Enum.</span> 
     </span>
     <span class='ocr_line' id='line_1_17' title="bbox 292 1209 1982 1264; baseline -0.004 -4"><span class='ocrx_word' id='word_1_141' title='bbox 292 1230 374 1260; x_wconf 86' lang='lat' dir='ltr'>non</span> <span class='ocrx_word' id='word_1_142' title='bbox 406 1215 551 1258; x_wconf 89' lang='lat' dir='ltr'>Willd.</span> <span class='ocrx_word' id='word_1_143' title='bbox 586 1239 634 1244; x_wconf 92' lang='lat'><em>-</em></span> <span class='ocrx_word' id='word_1_144' title='bbox 658 1212 701 1255; x_wconf 89' lang='lat' dir='ltr'>S.</span> <span class='ocrx_word' id='word_1_145' title='bbox 721 1210 946 1264; x_wconf 71' lang='lat' dir='ltr'>fruticosa</span> <span class='ocrx_word' id='word_1_146' title='bbox 970 1209 1118 1253; x_wconf 81' lang='lat' dir='ltr'>Forsk.</span> <span class='ocrx_word' id='word_1_147' title='bbox 1153 1209 1212 1251; x_wconf 88' lang='lat' dir='ltr'>Fl.</span> <span class='ocrx_word' id='word_1_148' title='bbox 1245 1209 1317 1263; x_wconf 84' lang='lat' dir='ltr'>Eg.</span> <span class='ocrx_word' id='word_1_149' title='bbox 1344 1209 1475 1253; x_wconf 89' lang='lat' dir='ltr'>Arab.</span> <span class='ocrx_word' id='word_1_150' title='bbox 1502 1221 1543 1264; x_wconf 88' lang='lat' dir='ltr'>p.</span> <span class='ocrx_word' id='word_1_151' title='bbox 1575 1210 1629 1251; x_wconf 88' lang='lat'>70</span> <span class='ocrx_word' id='word_1_152' title='bbox 1652 1209 1735 1252; x_wconf 80' lang='lat' dir='ltr'>huc</span> <span class='ocrx_word' id='word_1_153' title='bbox 1756 1210 1902 1252; x_wconf 82' lang='lat' dir='ltr'>forsan</span> <span class='ocrx_word' id='word_1_154' title='bbox 1927 1220 1982 1253; x_wconf 84' lang='lat' dir='ltr'>ex</span> 
     </span>
    </p>
   </div>
   <div class='ocr_carea' id='block_1_7' title="bbox 293 1274 816 1326">
    <p class='ocr_par' dir='ltr' id='par_1_7' title="bbox 293 1274 816 1326">
     <span class='ocr_line' id='line_1_18' title="bbox 293 1274 816 1326; baseline -0.015 -7"><span class='ocrx_word' id='word_1_155' title='bbox 293 1277 341 1319; x_wconf 90' lang='lat' dir='ltr'>cl.</span> <span class='ocrx_word' id='word_1_156' title='bbox 365 1275 611 1320; x_wconf 72' lang='lat' dir='ltr'>Asclierson</span> <span class='ocrx_word' id='word_1_157' title='bbox 639 1274 816 1326; x_wconf 73' lang='lat' dir='ltr'>spectat.</span> 
     </span>
    </p>
   </div>
   <div class='ocr_carea' id='block_1_8' title="bbox 291 1341 1982 1526">
    <p class='ocr_par' dir='ltr' id='par_1_8' title="bbox 291 1341 1982 1526">
     <span class='ocr_line' id='line_1_19' title="bbox 338 1341 1981 1389; baseline -0.003 -5"><span class='ocrx_word' id='word_1_158' title='bbox 338 1349 437 1384; x_wconf 81' lang='lat' dir='ltr'>Hal).</span> <span class='ocrx_word' id='word_1_159' title='bbox 471 1349 510 1382; x_wconf 89' lang='lat' dir='ltr'>in</span> <span class='ocrx_word' id='word_1_160' title='bbox 542 1345 742 1382; x_wconf 82' lang='lat' dir='ltr'>littoribus</span> <span class='ocrx_word' id='word_1_161' title='bbox 771 1343 1012 1389; x_wconf 81' lang='lat' dir='ltr'>AEgyptiacis</span> <span class='ocrx_word' id='word_1_162' title='bbox 1039 1344 1158 1378; x_wconf 88' lang='lat' dir='ltr'>maris</span> <span class='ocrx_word' id='word_1_163' title='bbox 1187 1342 1312 1378; x_wconf 84' lang='lat' dir='ltr'>Rubri</span> <span class='ocrx_word' id='word_1_164' title='bbox 1341 1343 1444 1377; x_wconf 89' lang='lat' dir='ltr'>inter</span> <span class='ocrx_word' id='word_1_165' title='bbox 1478 1341 1638 1377; x_wconf 83' lang='lat' dir='ltr'>Kosseir</span> <span class='ocrx_word' id='word_1_166' title='bbox 1667 1343 1705 1377; x_wconf 80' lang='lat' dir='ltr'>et</span> <span class='ocrx_word' id='word_1_167' title='bbox 1731 1341 1808 1377; x_wconf 86' lang='lat' dir='ltr'>Ras</span> <span class='ocrx_word' id='word_1_168' title='bbox 1834 1342 1981 1379; x_wconf 84' lang='lat' dir='ltr'>Benass</span> 
     </span>
     <span class='ocr_line' id='line_1_20' title="bbox 291 1388 1982 1441; baseline -0.004 -10"><span class='ocrx_word' id='word_1_169' title='bbox 291 1395 562 1441; x_wconf 82' lang='lat' dir='ltr'>(Schweinfl),</span> <span class='ocrx_word' id='word_1_170' title='bbox 590 1393 683 1429; x_wconf 84' lang='lat' dir='ltr'>Oasi</span> <span class='ocrx_word' id='word_1_171' title='bbox 710 1393 854 1436; x_wconf 74' lang='lat' dir='ltr'>magna</span> <span class='ocrx_word' id='word_1_172' title='bbox 874 1394 911 1425; x_wconf 84' lang='lat' dir='ltr'>et</span> <span class='ocrx_word' id='word_1_173' title='bbox 928 1389 1021 1425; x_wconf 89' lang='lat' dir='ltr'>Oasi</span> <span class='ocrx_word' id='word_1_174' title='bbox 1040 1389 1190 1425; x_wconf 85' lang='lat' dir='ltr'>Dachel</span> <span class='ocrx_word' id='word_1_175' title='bbox 1207 1389 1363 1434; x_wconf 82' lang='lat' dir='ltr'>(Schw!</span> <span class='ocrx_word' id='word_1_176' title='bbox 1382 1388 1600 1434; x_wconf 79' lang='lat' dir='ltr'>Aschersl),</span> <span class='ocrx_word' id='word_1_177' title='bbox 1626 1389 1772 1424; x_wconf 82' lang='lat' dir='ltr'>Arabia</span> <span class='ocrx_word' id='word_1_178' title='bbox 1791 1391 1923 1435; x_wconf 77' lang='lat' dir='ltr'>petrea</span> <span class='ocrx_word' id='word_1_179' title='bbox 1942 1391 1982 1427; x_wconf 87' lang='lat' dir='ltr'>in</span> 
     </span>
     <span class='ocr_line' id='line_1_21' title="bbox 292 1435 1981 1486; baseline -0.002 -8"><span class='ocrx_word' id='word_1_180' title='bbox 292 1443 395 1479; x_wconf 80' lang='lat' dir='ltr'>valle</span> <span class='ocrx_word' id='word_1_181' title='bbox 411 1442 554 1477; x_wconf 80' lang='lat' dir='ltr'>Unsert</span> <span class='ocrx_word' id='word_1_182' title='bbox 572 1449 692 1486; x_wconf 86' lang='lat' dir='ltr'>prope</span> <span class='ocrx_word' id='word_1_183' title='bbox 708 1437 873 1475; x_wconf 86' lang='lat' dir='ltr'>Noueba</span> <span class='ocrx_word' id='word_1_184' title='bbox 888 1437 1077 1483; x_wconf 78' lang='lat' dir='ltr'>(Schimp.</span> <span class='ocrx_word' id='word_1_185' title='bbox 1090 1436 1206 1482; x_wconf 70' lang='lat'>7212).</span> <span class='ocrx_word' id='word_1_186' title='bbox 1227 1436 1285 1472; x_wconf 81' lang='lat' dir='ltr'>Ex</span> <span class='ocrx_word' id='word_1_187' title='bbox 1298 1435 1542 1472; x_wconf 84' lang='lat' dir='ltr'>Forskahleo</span> <span class='ocrx_word' id='word_1_188' title='bbox 1561 1445 1683 1482; x_wconf 88' lang='lat' dir='ltr'>prope</span> <span class='ocrx_word' id='word_1_189' title='bbox 1699 1435 1981 1474; x_wconf 82' lang='lat' dir='ltr'>Alexandriam</span> 
     </span>
     <span class='ocr_line' id='line_1_22' title="bbox 291 1483 1323 1526; baseline -0.008 0"><span class='ocrx_word' id='word_1_190' title='bbox 291 1488 360 1526; x_wconf 89' lang='lat' dir='ltr'>sed</span> <span class='ocrx_word' id='word_1_191' title='bbox 379 1493 421 1524; x_wconf 90' lang='lat' dir='ltr'>ut</span> <span class='ocrx_word' id='word_1_192' title='bbox 439 1488 594 1524; x_wconf 79' lang='lat' dir='ltr'>videtur</span> <span class='ocrx_word' id='word_1_193' title='bbox 616 1486 774 1522; x_wconf 76' lang='lat' dir='ltr'>erronee</span> <span class='ocrx_word' id='word_1_194' title='bbox 798 1484 978 1520; x_wconf 86' lang='lat' dir='ltr'>indicata.</span> <span class='ocrx_word' id='word_1_195' title='bbox 1007 1483 1173 1519; x_wconf 78' lang='lat' dir='ltr'>Arabice</span> <span class='ocrx_word' id='word_1_196' title='bbox 1195 1483 1323 1519; x_wconf 80' lang='lat' dir='ltr'>Assal.</span> 
     </span>
    </p>
   </div>
   <div class='ocr_carea' id='block_1_9' title="bbox 338 1538 1734 1654">
    <p class='ocr_par' dir='ltr' id='par_1_9' title="bbox 338 1538 1734 1654">
     <span class='ocr_line' id='line_1_23' title="bbox 338 1538 1734 1589; baseline -0.004 -10"><span class='ocrx_word' id='word_1_197' title='bbox 338 1543 560 1580; x_wconf 80' lang='lat' dir='ltr'>Arbuscula</span> <span class='ocrx_word' id='word_1_198' title='bbox 578 1540 808 1589; x_wconf 82' lang='lat' dir='ltr'>15-pedalis‚</span> <span class='ocrx_word' id='word_1_199' title='bbox 827 1540 922 1576; x_wconf 85' lang='lat' dir='ltr'>folia</span> <span class='ocrx_word' id='word_1_200' title='bbox 939 1540 1016 1575; x_wconf 84' lang='lat' dir='ltr'>fere</span> <span class='ocrx_word' id='word_1_201' title='bbox 1042 1539 1150 1576; x_wconf 73' lang='lat' dir='ltr'>Taxz&#39;</span> <span class='ocrx_word' id='word_1_202' title='bbox 1163 1540 1252 1576; x_wconf 82' lang='lat'>6-10</span> <span class='ocrx_word' id='word_1_203' title='bbox 1271 1539 1397 1574; x_wconf 83' lang='lat' dir='ltr'>lineas</span> <span class='ocrx_word' id='word_1_204' title='bbox 1416 1538 1535 1584; x_wconf 84' lang='lat' dir='ltr'>longa</span> <span class='ocrx_word' id='word_1_205' title='bbox 1553 1539 1571 1574; x_wconf 86' lang='lat'>1</span> <span class='ocrx_word' id='word_1_206' title='bbox 1584 1539 1625 1583; x_wconf 61' lang='grc' dir='ltr'>’βα</span> <span class='ocrx_word' id='word_1_207' title='bbox 1644 1538 1734 1573; x_wconf 87' lang='lat' dir='ltr'>lata.</span> 
     </span>
     <span class='ocr_line' id='line_1_24' title="bbox 338 1602 1452 1654; baseline -0.006 -9"><span class='ocrx_word' id='word_1_208' title='bbox 338 1610 397 1645; x_wconf 90' lang='lat' dir='ltr'>Ar.</span> <span class='ocrx_word' id='word_1_209' title='bbox 419 1609 550 1654; x_wconf 76' lang='lat' dir='ltr'>Geoqr.</span> <span class='ocrx_word' id='word_1_210' title='bbox 576 1607 720 1651; x_wconf 80' lang='lat' dir='ltr'>Nubia,</span> <span class='ocrx_word' id='word_1_211' title='bbox 739 1605 966 1651; x_wconf 80' lang='lat' dir='ltr'>Abyssinia,</span> <span class='ocrx_word' id='word_1_212' title='bbox 983 1604 1131 1640; x_wconf 85' lang='lat' dir='ltr'>Arabia</span> <span class='ocrx_word' id='word_1_213' title='bbox 1149 1604 1309 1651; x_wconf 81' lang='lat' dir='ltr'>tropica,</span> <span class='ocrx_word' id='word_1_214' title='bbox 1328 1602 1452 1639; x_wconf 88' lang='lat' dir='ltr'>India.</span> 
     </span>
    </p>
   </div>
   <div class='ocr_carea' id='block_1_10' title="bbox 288 1709 1982 2550">
    <p class='ocr_par' dir='ltr' id='par_1_10' title="bbox 288 1709 1982 2240">
     <span class='ocr_line' id='line_1_25' title="bbox 349 1709 1979 1766; baseline -0.004 -8"><span class='ocrx_word' id='word_1_215' title='bbox 349 1717 389 1758; x_wconf 85' lang='grc'>8.</span> <span class='ocrx_word' id='word_1_216' title='bbox 427 1714 479 1758; x_wconf 90' lang='lat' dir='ltr'>S.</span> <span class='ocrx_word' id='word_1_217' title='bbox 502 1713 896 1758; x_wconf 77' lang='lat' dir='ltr'>vermiculata</span> <span class='ocrx_word' id='word_1_218' title='bbox 918 1711 1087 1766; x_wconf 79' lang='lat' dir='ltr'>(Forsk.</span> <span class='ocrx_word' id='word_1_219' title='bbox 1117 1711 1180 1753; x_wconf 89' lang='lat' dir='ltr'>Fl.</span> <span class='ocrx_word' id='word_1_220' title='bbox 1209 1711 1285 1764; x_wconf 81' lang='lat' dir='ltr'>Eg.</span> <span class='ocrx_word' id='word_1_221' title='bbox 1319 1710 1446 1753; x_wconf 85' lang='lat' dir='ltr'>Arab.</span> <span class='ocrx_word' id='word_1_222' title='bbox 1474 1724 1515 1765; x_wconf 90' lang='lat' dir='ltr'>p.</span> <span class='ocrx_word' id='word_1_223' title='bbox 1545 1709 1619 1765; x_wconf 81' lang='lat'>70)</span> <span class='ocrx_word' id='word_1_224' title='bbox 1651 1710 1855 1753; x_wconf 85' lang='lat' dir='ltr'>fruticosa</span> <span class='ocrx_word' id='word_1_225' title='bbox 1878 1709 1979 1752; x_wconf 87' lang='lat' dir='ltr'>viri·</span> 
     </span>
     <span class='ocr_line' id='line_1_26' title="bbox 291 1769 1980 1821; baseline -0.003 -4"><span class='ocrx_word' id='word_1_226' title='bbox 291 1775 357 1817; x_wconf 84' lang='lat' dir='ltr'>dis</span> <span class='ocrx_word' id='word_1_227' title='bbox 385 1788 407 1817; x_wconf 87' lang='lat' dir='ltr'>a</span> <span class='ocrx_word' id='word_1_228' title='bbox 434 1774 523 1817; x_wconf 90' lang='lat' dir='ltr'>basi</span> <span class='ocrx_word' id='word_1_229' title='bbox 556 1772 710 1814; x_wconf 85' lang='lat' dir='ltr'>diffuse</span> <span class='ocrx_word' id='word_1_230' title='bbox 736 1771 1032 1814; x_wconf 88' lang='lat' dir='ltr'>ramosissima</span> <span class='ocrx_word' id='word_1_231' title='bbox 1056 1771 1186 1813; x_wconf 89' lang='lat' dir='ltr'>ramis</span> <span class='ocrx_word' id='word_1_232' title='bbox 1219 1769 1590 1812; x_wconf 82' lang='lat' dir='ltr'>divaricatissinris</span> <span class='ocrx_word' id='word_1_233' title='bbox 1615 1769 1844 1821; x_wconf 63' lang='lat' dir='ltr'>intricans,</span> <span class='ocrx_word' id='word_1_234' title='bbox 1871 1769 1980 1812; x_wconf 85' lang='lat' dir='ltr'>foliis</span> 
     </span>
     <span class='ocr_line' id='line_1_27' title="bbox 291 1827 1981 1885; baseline -0.004 -8"><span class='ocrx_word' id='word_1_235' title='bbox 291 1833 553 1877; x_wconf 84' lang='lat' dir='ltr'>succulentis</span> <span class='ocrx_word' id='word_1_236' title='bbox 598 1831 746 1885; x_wconf 87' lang='lat' dir='ltr'>parvis</span> <span class='ocrx_word' id='word_1_237' title='bbox 795 1830 885 1873; x_wconf 83' lang='lat' dir='ltr'>basi</span> <span class='ocrx_word' id='word_1_238' title='bbox 927 1830 1050 1872; x_wconf 87' lang='lat' dir='ltr'>valde</span> <span class='ocrx_word' id='word_1_239' title='bbox 1094 1829 1326 1873; x_wconf 83' lang='lat' dir='ltr'>attenuatis</span> <span class='ocrx_word' id='word_1_240' title='bbox 1368 1828 1659 1872; x_wconf 84' lang='lat' dir='ltr'>obtusissimis</span> <span class='ocrx_word' id='word_1_241' title='bbox 1701 1827 1981 1871; x_wconf 83' lang='lat' dir='ltr'>inferioribus</span> 
     </span>
     <span class='ocr_line' id='line_1_28' title="bbox 290 1886 1980 1945; baseline -0.004 -9"><span class='ocrx_word' id='word_1_242' title='bbox 290 1891 702 1942; x_wconf 83' lang='lat' dir='ltr'>obovato-oblongis,</span> <span class='ocrx_word' id='word_1_243' title='bbox 734 1886 1035 1945; x_wconf 62' lang='lat' dir='ltr'>superioribus</span> <span class='ocrx_word' id='word_1_244' title='bbox 1072 1888 1357 1942; x_wconf 82' lang='lat' dir='ltr'>subglobosis,</span> <span class='ocrx_word' id='word_1_245' title='bbox 1396 1887 1578 1930; x_wconf 86' lang='lat' dir='ltr'>floribus</span> <span class='ocrx_word' id='word_1_246' title='bbox 1613 1887 1980 1941; x_wconf 86' lang='lat' dir='ltr'>hermophroditis</span> 
     </span>
     <span class='ocr_line' id='line_1_29' title="bbox 288 1946 1982 2001; baseline -0.003 -8"><span class='ocrx_word' id='word_1_247' title='bbox 288 1951 545 1994; x_wconf 82' lang='lat' dir='ltr'>axillaribus</span> <span class='ocrx_word' id='word_1_248' title='bbox 567 1949 773 1992; x_wconf 85' lang='lat' dir='ltr'>solitariis</span> <span class='ocrx_word' id='word_1_249' title='bbox 796 1950 859 1990; x_wconf 89' lang='lat' dir='ltr'>vel</span> <span class='ocrx_word' id='word_1_250' title='bbox 887 1948 1050 1990; x_wconf 67' lang='lat' dir='ltr'>2-3-nis</span> <span class='ocrx_word' id='word_1_251' title='bbox 1072 1947 1169 1990; x_wconf 86' lang='lat' dir='ltr'>folio</span> <span class='ocrx_word' id='word_1_252' title='bbox 1195 1947 1415 2001; x_wconf 83' lang='lat' dir='ltr'>superatis</span> <span class='ocrx_word' id='word_1_253' title='bbox 1439 1947 1531 1988; x_wconf 85' lang='lat' dir='ltr'>laxe</span> <span class='ocrx_word' id='word_1_254' title='bbox 1556 1948 1599 1988; x_wconf 86' lang='lat' dir='ltr'>et</span> <span class='ocrx_word' id='word_1_255' title='bbox 1624 1946 1819 1989; x_wconf 84' lang='lat' dir='ltr'>breviter</span> <span class='ocrx_word' id='word_1_256' title='bbox 1844 1946 1982 2000; x_wconf 80' lang='lat' dir='ltr'>spica-</span> 
     </span>
     <span class='ocr_line' id='line_1_30' title="bbox 290 2005 1980 2064; baseline -0.002 -12"><span class='ocrx_word' id='word_1_257' title='bbox 290 2010 362 2062; x_wconf 83' lang='lat' dir='ltr'>tis,</span> <span class='ocrx_word' id='word_1_258' title='bbox 390 2009 609 2064; x_wconf 71' lang='lat' dir='ltr'>per-igonio</span> <span class='ocrx_word' id='word_1_259' title='bbox 635 2005 856 2051; x_wconf 76' lang='lat' dir='ltr'>fructifero</span> <span class='ocrx_word' id='word_1_260' title='bbox 880 2010 1004 2050; x_wconf 86' lang='lat' dir='ltr'>ovato</span> <span class='ocrx_word' id='word_1_261' title='bbox 1031 2007 1196 2050; x_wconf 89' lang='lat' dir='ltr'>laciniis</span> <span class='ocrx_word' id='word_1_262' title='bbox 1219 2007 1341 2048; x_wconf 89' lang='lat' dir='ltr'>siccis</span> <span class='ocrx_word' id='word_1_263' title='bbox 1372 2005 1491 2060; x_wconf 88' lang='lat' dir='ltr'>apice</span> <span class='ocrx_word' id='word_1_264' title='bbox 1524 2005 1717 2048; x_wconf 88' lang='lat' dir='ltr'>incurvis</span> <span class='ocrx_word' id='word_1_265' title='bbox 1748 2005 1980 2048; x_wconf 86' lang='lat' dir='ltr'>conniven-</span> 
     </span>
     <span class='ocr_line' id='line_1_31' title="bbox 292 2063 1978 2118; baseline -0.003 -7"><span class='ocrx_word' id='word_1_266' title='bbox 292 2069 425 2118; x_wconf 71' lang='lat' dir='ltr'>tibus,</span> <span class='ocrx_word' id='word_1_267' title='bbox 463 2068 627 2111; x_wconf 88' lang='lat' dir='ltr'>semine</span> <span class='ocrx_word' id='word_1_268' title='bbox 666 2067 860 2110; x_wconf 85' lang='lat' dir='ltr'>verticali</span> <span class='ocrx_word' id='word_1_269' title='bbox 900 2066 1033 2109; x_wconf 84' lang='lat' dir='ltr'>nitido</span> <span class='ocrx_word' id='word_1_270' title='bbox 1067 2078 1156 2108; x_wconf 86' lang='lat' dir='ltr'>non</span> <span class='ocrx_word' id='word_1_271' title='bbox 1192 2065 1413 2108; x_wconf 84' lang='lat' dir='ltr'>rostellato</span> <span class='ocrx_word' id='word_1_272' title='bbox 1444 2070 1479 2113; x_wconf 72' lang='lat'>5.</span> <span class='ocrx_word' id='word_1_273' title='bbox 1519 2063 1671 2106; x_wconf 85' lang='lat' dir='ltr'>Forsk.</span> <span class='ocrx_word' id='word_1_274' title='bbox 1702 2063 1757 2106; x_wconf 89' lang='lat' dir='ltr'>Ic.</span> <span class='ocrx_word' id='word_1_275' title='bbox 1792 2065 1875 2106; x_wconf 87' lang='lat' dir='ltr'>tab.</span> <span class='ocrx_word' id='word_1_276' title='bbox 1911 2064 1978 2112; x_wconf 85' lang='lat'>18,</span> 
     </span>
     <span class='ocr_line' id='line_1_32' title="bbox 292 2122 1978 2181; baseline -0.003 -12"><span class='ocrx_word' id='word_1_277' title='bbox 292 2128 361 2181; x_wconf 85' lang='lat' dir='ltr'>fig.</span> <span class='ocrx_word' id='word_1_278' title='bbox 392 2127 436 2170; x_wconf 89' lang='grc' dir='ltr'>Β.</span> <span class='ocrx_word' id='word_1_279' title='bbox 461 2150 515 2157; x_wconf 85' lang='lat'>——</span> <span class='ocrx_word' id='word_1_280' title='bbox 541 2125 710 2169; x_wconf 79' lang='lat' dir='ltr'>Salsola</span> <span class='ocrx_word' id='word_1_281' title='bbox 740 2124 884 2167; x_wconf 80' lang='lat' dir='ltr'>mollis</span> <span class='ocrx_word' id='word_1_282' title='bbox 915 2125 1035 2167; x_wconf 80' lang='lat' dir='ltr'>Desf.</span> <span class='ocrx_word' id='word_1_283' title='bbox 1071 2125 1157 2168; x_wconf 77' lang='grc' dir='ltr'>ΑΗ.</span> <span class='ocrx_word' id='word_1_284' title='bbox 1193 2126 1226 2177; x_wconf 93' lang='lat' dir='ltr'>I,</span> <span class='ocrx_word' id='word_1_285' title='bbox 1261 2137 1299 2178; x_wconf 90' lang='lat' dir='ltr'>p.</span> <span class='ocrx_word' id='word_1_286' title='bbox 1326 2125 1421 2166; x_wconf 73' lang='lat'>218.</span> <span class='ocrx_word' id='word_1_287' title='bbox 1450 2147 1506 2156; x_wconf 91' lang='lat'><strong>—</strong></span> <span class='ocrx_word' id='word_1_288' title='bbox 1531 2122 1685 2166; x_wconf 78' lang='lat' dir='ltr'>Suaeda</span> <span class='ocrx_word' id='word_1_289' title='bbox 1716 2122 1860 2165; x_wconf 76' lang='lat' dir='ltr'>mollis</span> <span class='ocrx_word' id='word_1_290' title='bbox 1886 2122 1978 2166; x_wconf 88' lang='lat' dir='ltr'>Del.</span> 
     </span>
     <span class='ocr_line' id='line_1_33' title="bbox 292 2183 1541 2240; baseline -0.004 -12"><span class='ocrx_word' id='word_1_291' title='bbox 292 2185 351 2228; x_wconf 86' lang='lat' dir='ltr'>Fl.</span> <span class='ocrx_word' id='word_1_292' title='bbox 376 2187 449 2240; x_wconf 84' lang='lat' dir='ltr'>Eg.</span> <span class='ocrx_word' id='word_1_293' title='bbox 473 2209 528 2217; x_wconf 94' lang='lat'><strong>—</strong></span> <span class='ocrx_word' id='word_1_294' title='bbox 549 2184 720 2228; x_wconf 80' lang='lat' dir='ltr'>Salsola</span> <span class='ocrx_word' id='word_1_295' title='bbox 739 2183 1019 2237; x_wconf 72' lang='lat' dir='ltr'>ylohulifole&#39;a</span> <span class='ocrx_word' id='word_1_296' title='bbox 1041 2185 1154 2228; x_wconf 90' lang='lat' dir='ltr'>Poir.</span> <span class='ocrx_word' id='word_1_297' title='bbox 1181 2184 1291 2226; x_wconf 83' lang='lat' dir='ltr'>Dict.</span> <span class='ocrx_word' id='word_1_298' title='bbox 1313 2185 1351 2235; x_wconf 87' lang='lat'>7,</span> <span class='ocrx_word' id='word_1_299' title='bbox 1374 2196 1413 2237; x_wconf 91' lang='lat' dir='ltr'>p.</span> <span class='ocrx_word' id='word_1_300' title='bbox 1442 2184 1541 2226; x_wconf 64' lang='grc' dir='ltr'>ῦ298.</span> 
     </span>
    </p>

    <p class='ocr_par' dir='ltr' id='par_1_11' title="bbox 292 2257 1982 2447">
     <span class='ocr_line' id='line_1_34' title="bbox 340 2257 1981 2305; baseline -0.002 -9"><span class='ocrx_word' id='word_1_301' title='bbox 340 2261 440 2296; x_wconf 82' lang='lat' dir='ltr'>Hah.</span> <span class='ocrx_word' id='word_1_302' title='bbox 456 2262 497 2297; x_wconf 91' lang='lat' dir='ltr'>in</span> <span class='ocrx_word' id='word_1_303' title='bbox 515 2260 631 2296; x_wconf 83' lang='lat' dir='ltr'>salsis</span> <span class='ocrx_word' id='word_1_304' title='bbox 648 2260 854 2295; x_wconf 81' lang='lat' dir='ltr'>maritimis</span> <span class='ocrx_word' id='word_1_305' title='bbox 874 2262 912 2295; x_wconf 83' lang='lat' dir='ltr'>et</span> <span class='ocrx_word' id='word_1_306' title='bbox 927 2260 1182 2303; x_wconf 77' lang='lat' dir='ltr'>desertorum,</span> <span class='ocrx_word' id='word_1_307' title='bbox 1200 2261 1302 2296; x_wconf 87' lang='lat' dir='ltr'>circa</span> <span class='ocrx_word' id='word_1_308' title='bbox 1317 2259 1596 2295; x_wconf 85' lang='lat' dir='ltr'>Alexandriam</span> <span class='ocrx_word' id='word_1_309' title='bbox 1610 2259 1748 2305; x_wconf 83' lang='lat' dir='ltr'>(Del.),</span> <span class='ocrx_word' id='word_1_310' title='bbox 1764 2259 1805 2294; x_wconf 88' lang='lat' dir='ltr'>in</span> <span class='ocrx_word' id='word_1_311' title='bbox 1820 2257 1981 2294; x_wconf 82' lang='lat' dir='ltr'>desertis</span> 
     </span>
     <span class='ocr_line' id='line_1_35' title="bbox 292 2306 1982 2355; baseline -0.002 -11"><span class='ocrx_word' id='word_1_312' title='bbox 292 2319 414 2355; x_wconf 76' lang='lat' dir='ltr'>prope</span> <span class='ocrx_word' id='word_1_313' title='bbox 436 2308 532 2344; x_wconf 85' lang='lat' dir='ltr'>Suez</span> <span class='ocrx_word' id='word_1_314' title='bbox 553 2307 807 2352; x_wconf 75' lang='lat' dir='ltr'>(Schweinfl)</span> <span class='ocrx_word' id='word_1_315' title='bbox 834 2310 870 2343; x_wconf 80' lang='lat' dir='ltr'>et</span> <span class='ocrx_word' id='word_1_316' title='bbox 891 2307 940 2342; x_wconf 87' lang='lat' dir='ltr'>ad</span> <span class='ocrx_word' id='word_1_317' title='bbox 962 2307 1092 2343; x_wconf 80' lang='lat' dir='ltr'>littora</span> <span class='ocrx_word' id='word_1_318' title='bbox 1115 2307 1350 2354; x_wconf 74' lang='lat' dir='ltr'>AEgyptiaea</span> <span class='ocrx_word' id='word_1_319' title='bbox 1370 2308 1490 2342; x_wconf 86' lang='lat' dir='ltr'>maris</span> <span class='ocrx_word' id='word_1_320' title='bbox 1507 2306 1632 2342; x_wconf 87' lang='lat' dir='ltr'>Rubri</span> <span class='ocrx_word' id='word_1_321' title='bbox 1650 2308 1752 2343; x_wconf 86' lang='lat' dir='ltr'>inter</span> <span class='ocrx_word' id='word_1_322' title='bbox 1767 2307 1929 2342; x_wconf 87' lang='lat' dir='ltr'>Kosseir</span> <span class='ocrx_word' id='word_1_323' title='bbox 1946 2307 1982 2341; x_wconf 84' lang='lat' dir='ltr'>et</span> 
     </span>
     <span class='ocr_line' id='line_1_36' title="bbox 293 2353 1981 2400; baseline -0.002 -10"><span class='ocrx_word' id='word_1_324' title='bbox 293 2355 370 2391; x_wconf 87' lang='lat' dir='ltr'>Ras</span> <span class='ocrx_word' id='word_1_325' title='bbox 391 2356 540 2391; x_wconf 83' lang='lat' dir='ltr'>Benass</span> <span class='ocrx_word' id='word_1_326' title='bbox 561 2355 694 2399; x_wconf 74' lang='lat' dir='ltr'>(Sehw</span> <span class='ocrx_word' id='word_1_327' title='bbox 707 2355 743 2398; x_wconf 81' lang='lat' dir='ltr'>l),</span> <span class='ocrx_word' id='word_1_328' title='bbox 762 2354 910 2390; x_wconf 88' lang='lat' dir='ltr'>Arabia</span> <span class='ocrx_word' id='word_1_329' title='bbox 930 2357 1063 2400; x_wconf 84' lang='lat' dir='ltr'>petrea</span> <span class='ocrx_word' id='word_1_330' title='bbox 1081 2355 1131 2390; x_wconf 88' lang='lat' dir='ltr'>ad</span> <span class='ocrx_word' id='word_1_331' title='bbox 1152 2354 1283 2391; x_wconf 81' lang='lat' dir='ltr'>Ouadi</span> <span class='ocrx_word' id='word_1_332' title='bbox 1301 2353 1535 2390; x_wconf 86' lang='lat' dir='ltr'>Ghurundel</span> <span class='ocrx_word' id='word_1_333' title='bbox 1552 2354 1728 2399; x_wconf 81' lang='lat' dir='ltr'>(Boissl),</span> <span class='ocrx_word' id='word_1_334' title='bbox 1750 2353 1981 2399; x_wconf 69' lang='lat' dir='ltr'>Babyloniae</span> 
     </span>
     <span class='ocr_line' id='line_1_37' title="bbox 293 2401 978 2447; baseline -0.003 -10"><span class='ocrx_word' id='word_1_335' title='bbox 293 2401 448 2437; x_wconf 80' lang='lat' dir='ltr'>deserta</span> <span class='ocrx_word' id='word_1_336' title='bbox 466 2403 606 2447; x_wconf 83' lang='lat' dir='ltr'>(Auch.</span> <span class='ocrx_word' id='word_1_337' title='bbox 626 2401 736 2437; x_wconf 64' lang='lat'><strong>2776!</strong></span> <span class='ocrx_word' id='word_1_338' title='bbox 757 2401 842 2436; x_wconf 75' lang='lat' dir='ltr'>Noe</span> <span class='ocrx_word' id='word_1_339' title='bbox 860 2401 978 2446; x_wconf 75' lang='lat'>1021).</span> 
     </span>
    </p>

    <p class='ocr_par' dir='ltr' id='par_1_12' title="bbox 290 2457 1980 2550">
     <span class='ocr_line' id='line_1_38' title="bbox 337 2457 1980 2504; baseline -0.001 -11"><span class='ocrx_word' id='word_1_340' title='bbox 337 2458 484 2493; x_wconf 80' lang='lat' dir='ltr'>Frutex</span> <span class='ocrx_word' id='word_1_341' title='bbox 503 2458 701 2493; x_wconf 80' lang='lat' dir='ltr'>intricatas</span> <span class='ocrx_word' id='word_1_342' title='bbox 725 2457 994 2504; x_wconf 71' lang='lat' dir='ltr'>¹s2-1-pedaliS,</span> <span class='ocrx_word' id='word_1_343' title='bbox 1012 2457 1109 2494; x_wconf 77' lang='lat' dir='ltr'>folia</span> <span class='ocrx_word' id='word_1_344' title='bbox 1128 2458 1313 2494; x_wconf 83' lang='lat' dir='ltr'>inferiora</span> <span class='ocrx_word' id='word_1_345' title='bbox 1332 2457 1396 2502; x_wconf 79' lang='lat' dir='ltr'>1¹s2</span> <span class='ocrx_word' id='word_1_346' title='bbox 1406 2458 1446 2495; x_wconf 89' lang='lat'>-3</span> <span class='ocrx_word' id='word_1_347' title='bbox 1463 2457 1532 2493; x_wconf 91' lang='lat' dir='ltr'>lin.</span> <span class='ocrx_word' id='word_1_348' title='bbox 1549 2457 1677 2504; x_wconf 81' lang='lat' dir='ltr'>longa,</span> <span class='ocrx_word' id='word_1_349' title='bbox 1696 2458 1829 2493; x_wconf 86' lang='lat' dir='ltr'>omnia</span> <span class='ocrx_word' id='word_1_350' title='bbox 1845 2457 1980 2493; x_wconf 83' lang='lat' dir='ltr'>teretia</span> 
     </span>
     <span class='ocr_line' id='line_1_39' title="bbox 290 2504 884 2550; baseline -0.003 -10"><span class='ocrx_word' id='word_1_351' title='bbox 290 2505 404 2540; x_wconf 76' lang='lat' dir='ltr'>valde</span> <span class='ocrx_word' id='word_1_352' title='bbox 421 2505 661 2550; x_wconf 83' lang='lat' dir='ltr'>succulenta,</span> <span class='ocrx_word' id='word_1_353' title='bbox 681 2505 761 2540; x_wconf 84' lang='lat' dir='ltr'>fere</span> <span class='ocrx_word' id='word_1_354' title='bbox 782 2504 884 2541; x_wconf 82' lang='lat' dir='ltr'>Sedz&#39;.</span> 
     </span>
    </p>
   </div>
   <div class='ocr_carea' id='block_1_11' title="bbox 292 2567 1980 2662">
    <p class='ocr_par' dir='ltr' id='par_1_13' title="bbox 292 2567 1980 2662">
     <span class='ocr_line' id='line_1_40' title="bbox 336 2567 1980 2615; baseline -0.001 -11"><span class='ocrx_word' id='word_1_355' title='bbox 336 2570 396 2604; x_wconf 88' lang='lat' dir='ltr'>Ar.</span> <span class='ocrx_word' id='word_1_356' title='bbox 428 2570 558 2614; x_wconf 72' lang='lat' dir='ltr'>Gcoqr.</span> <span class='ocrx_word' id='word_1_357' title='bbox 591 2569 736 2604; x_wconf 79' lang='lat' dir='ltr'>Insulae</span> <span class='ocrx_word' id='word_1_358' title='bbox 768 2568 1042 2615; x_wconf 77' lang='lat' dir='ltr'>Canarienses,</span> <span class='ocrx_word' id='word_1_359' title='bbox 1062 2570 1196 2606; x_wconf 83' lang='lat' dir='ltr'>Africa</span> <span class='ocrx_word' id='word_1_360' title='bbox 1228 2568 1419 2615; x_wconf 69' lang='lat' dir='ltr'>borealis,</span> <span class='ocrx_word' id='word_1_361' title='bbox 1453 2568 1604 2615; x_wconf 86' lang='lat' dir='ltr'>Nubia,</span> <span class='ocrx_word' id='word_1_362' title='bbox 1636 2568 1748 2605; x_wconf 85' lang='lat' dir='ltr'>India</span> <span class='ocrx_word' id='word_1_363' title='bbox 1779 2567 1980 2604; x_wconf 85' lang='lat' dir='ltr'>orientalis</span> 
     </span>
     <span class='ocr_line' id='line_1_41' title="bbox 292 2615 692 2662; baseline 0.003 -11"><span class='ocrx_word' id='word_1_364' title='bbox 292 2615 470 2661; x_wconf 77' lang='lat' dir='ltr'>(Belang.</span> <span class='ocrx_word' id='word_1_365' title='bbox 492 2626 539 2651; x_wconf 79' lang='lat' dir='ltr'>ex</span> <span class='ocrx_word' id='word_1_366' title='bbox 559 2616 692 2662; x_wconf 80' lang='lat' dir='ltr'>Moq.).</span> 
     </span>
    </p>
   </div>
   <div class='ocr_carea' id='block_1_12' title="bbox 713 2725 1557 2771">
    <p class='ocr_par' dir='ltr' id='par_1_14' title="bbox 713 2725 1557 2771">
     <span class='ocr_line' id='line_1_42' title="bbox 713 2725 1557 2771; baseline 0.001 -11"><span class='ocrx_word' id='word_1_367' title='bbox 713 2726 723 2736; x_wconf 80' lang='grc'><em>“</em></span> <span class='ocrx_word' id='word_1_368' title='bbox 742 2726 753 2737; x_wconf 79' lang='lat'>&#39;</span> <span class='ocrx_word' id='word_1_369' title='bbox 780 2725 945 2771; x_wconf 80' lang='lat' dir='ltr'>Annuae‚</span> <span class='ocrx_word' id='word_1_370' title='bbox 964 2726 1163 2762; x_wconf 85' lang='lat' dir='ltr'>interdum</span> <span class='ocrx_word' id='word_1_371' title='bbox 1181 2726 1334 2762; x_wconf 81' lang='lat' dir='ltr'>inferne</span> <span class='ocrx_word' id='word_1_372' title='bbox 1354 2726 1557 2763; x_wconf 80' lang='lat' dir='ltr'>induratae.</span> 
     </span>
    </p>
   </div>
   <div class='ocr_carea' id='block_1_13' title="bbox 291 2813 1979 3050">
    <p class='ocr_par' dir='ltr' id='par_1_15' title="bbox 291 2813 1979 3050">
     <span class='ocr_line' id='line_1_43' title="bbox 349 2813 1979 2872; baseline 0.004 -15"><span class='ocrx_word' id='word_1_373' title='bbox 349 2816 389 2857; x_wconf 81' lang='lat'>9.</span> <span class='ocrx_word' id='word_1_374' title='bbox 428 2813 482 2858; x_wconf 88' lang='lat' dir='ltr'>S.</span> <span class='ocrx_word' id='word_1_375' title='bbox 513 2815 813 2860; x_wconf 78' lang='lat' dir='ltr'>altissima</span> <span class='ocrx_word' id='word_1_376' title='bbox 839 2817 902 2859; x_wconf 73' lang='lat' dir='ltr'>(L.</span> <span class='ocrx_word' id='word_1_377' title='bbox 929 2816 1000 2871; x_wconf 86' lang='lat' dir='ltr'>Sp.</span> <span class='ocrx_word' id='word_1_378' title='bbox 1032 2830 1071 2872; x_wconf 87' lang='lat' dir='ltr'>p.</span> <span class='ocrx_word' id='word_1_379' title='bbox 1101 2819 1185 2860; x_wconf 71' lang='lat'>324</span> <span class='ocrx_word' id='word_1_380' title='bbox 1213 2818 1295 2860; x_wconf 90' lang='lat' dir='ltr'>sub</span> <span class='ocrx_word' id='word_1_381' title='bbox 1322 2815 1512 2872; x_wconf 65' lang='lat' dir='ltr'>Salsold)</span> <span class='ocrx_word' id='word_1_382' title='bbox 1536 2829 1680 2860; x_wconf 88' lang='lat' dir='ltr'>annua</span> <span class='ocrx_word' id='word_1_383' title='bbox 1705 2817 1852 2871; x_wconf 84' lang='lat' dir='ltr'>glabra</span> <span class='ocrx_word' id='word_1_384' title='bbox 1881 2818 1979 2863; x_wconf 73' lang='lat' dir='ltr'>viri-</span> 
     </span>
     <span class='ocr_line' id='line_1_44' title="bbox 293 2875 1978 2932; baseline 0.001 -15"><span class='ocrx_word' id='word_1_385' title='bbox 293 2875 357 2917; x_wconf 78' lang='lat' dir='ltr'>dis</span> <span class='ocrx_word' id='word_1_386' title='bbox 390 2876 458 2917; x_wconf 80' lang='lat' dir='ltr'>vel</span> <span class='ocrx_word' id='word_1_387' title='bbox 487 2876 781 2928; x_wconf 80' lang='lat' dir='ltr'>glaucescens,</span> <span class='ocrx_word' id='word_1_388' title='bbox 807 2876 927 2919; x_wconf 88' lang='lat' dir='ltr'>caule</span> <span class='ocrx_word' id='word_1_389' title='bbox 953 2881 1095 2920; x_wconf 82' lang='lat' dir='ltr'>erecto</span> <span class='ocrx_word' id='word_1_390' title='bbox 1123 2890 1145 2919; x_wconf 90' lang='lat' dir='ltr'>a</span> <span class='ocrx_word' id='word_1_391' title='bbox 1177 2877 1267 2920; x_wconf 81' lang='lat' dir='ltr'>basi</span> <span class='ocrx_word' id='word_1_392' title='bbox 1293 2877 1583 2920; x_wconf 80' lang='lat' dir='ltr'>strictiuscule</span> <span class='ocrx_word' id='word_1_393' title='bbox 1610 2881 1651 2920; x_wconf 86' lang='lat' dir='ltr'>et</span> <span class='ocrx_word' id='word_1_394' title='bbox 1679 2877 1978 2932; x_wconf 85' lang='lat' dir='ltr'>pyramidatim</span> 
     </span>
     <span class='ocr_line' id='line_1_45' title="bbox 291 2934 1977 2989; baseline 0.002 -15"><span class='ocrx_word' id='word_1_395' title='bbox 291 2946 474 2985; x_wconf 85' lang='lat' dir='ltr'>ramoso,</span> <span class='ocrx_word' id='word_1_396' title='bbox 500 2934 609 2976; x_wconf 84' lang='lat' dir='ltr'>foliis</span> <span class='ocrx_word' id='word_1_397' title='bbox 634 2934 825 2976; x_wconf 84' lang='lat' dir='ltr'>tenuiter</span> <span class='ocrx_word' id='word_1_398' title='bbox 852 2934 1124 2979; x_wconf 78' lang='lat' dir='ltr'>filiformibus</span> <span class='ocrx_word' id='word_1_399' title='bbox 1146 2936 1284 2989; x_wconf 86' lang='lat' dir='ltr'>longis</span> <span class='ocrx_word' id='word_1_400' title='bbox 1313 2935 1593 2978; x_wconf 81' lang='lat' dir='ltr'>acutiusculis</span> <span class='ocrx_word' id='word_1_401' title='bbox 1619 2936 1710 2979; x_wconf 86' lang='lat' dir='ltr'>basi</span> <span class='ocrx_word' id='word_1_402' title='bbox 1746 2935 1977 2979; x_wconf 80' lang='lat' dir='ltr'>attenuatis</span> 
     </span>
     <span class='ocr_line' id='line_1_46' title="bbox 292 2993 1978 3050; baseline 0.002 -17"><span class='ocrx_word' id='word_1_403' title='bbox 292 2993 606 3045; x_wconf 76' lang='lat' dir='ltr'>subpetiolatis,</span> <span class='ocrx_word' id='word_1_404' title='bbox 641 2993 867 3036; x_wconf 82' lang='lat' dir='ltr'>floralibus</span> <span class='ocrx_word' id='word_1_405' title='bbox 906 2993 1167 3038; x_wconf 78' lang='lat' dir='ltr'>abbreviatis</span> <span class='ocrx_word' id='word_1_406' title='bbox 1201 2994 1470 3038; x_wconf 86' lang='lat' dir='ltr'>tenuissimis</span> <span class='ocrx_word' id='word_1_407' title='bbox 1496 2994 1626 3038; x_wconf 88' lang='lat' dir='ltr'>flores</span> <span class='ocrx_word' id='word_1_408' title='bbox 1655 2996 1978 3050; x_wconf 84' lang='lat' dir='ltr'>superantibus,</span> 
     </span>
    </p>
   </div>
  </div>
 </body>
</html>
