2080 3241
109 231 408 278 Helz'otropz'um.
818 237 1090 264 BORRAGINEAE
1746 227 1816 264 13‘7

107 313 339 350 indumento
365 310 568 357 adpresso‚
596 308 701 345 foliis
726 307 815 343 basi
841 309 1027 352 cuneum,
1051 307 1208 344 eorollae
1235 307 1338 343 lobis
1356 307 1618 350 brevioribus,
1639 307 1813 343 antheris

110 360 271 397 brevius
290 358 508 406 apiculatis.

583 481 616 513 ><
655 481 687 513 ><
721 473 887 510 Corollae
906 473 1054 508 limbus
1074 473 1340 510 decemlobus.

172 578 238 620 026.
274 576 340 618 Η.
371 573 772 619 circinnatum
800 571 992 627 (Gr1seb.
1012 572 1157 627 Spicil.
1183 572 1234 624 ΙΙ,
1251 587 1290 627 p.
1316 574 1389 627 75¹)
1413 586 1604 615 annuum
1625 573 1814 617 molliter

112 641 155 682 et
179 637 389 690 adpresse
413 633 614 676 villosum
641 643 892 684 canescens,
919 634 1042 675 caule
1067 633 1178 676 elato
1204 633 1516 685 ramosissimo,
1540 633 1653 674 foliis
1675 635 1818 678 ovans

111 701 155 740 et
178 694 372 747 oblongis
399 693 567 736 obtusis
592 691 785 734 breviter
810 691 1027 746 petiolatis
1052 692 1209 735 subtus
1243 691 1441 735 elevatim
1470 692 1654 741 linealis,
1682 692 1814 745 spicis

113 754 315 800 solitariis
351 756 393 796 et
430 750 667 807 conjugatis
695 750 869 794 demum
911 750 1035 793 valde
1071 751 1281 805 elongatis
1312 750 1434 794 laxis.
1464 751 1621 804 calycis
1654 752 1813 794 corolla

111 813 325 869 subtriplo
360 812 575 854 brevioris
612 809 778 853 laciniis
816 809 1280 862 oblongo-linearibus,
1315 811 1487 853 corolla}
1522 813 1649 852 extus
1686 810 1815 853 hirtae

101 875 227 918 intus
250 872 411 927 glabrze
438 868 857 913 infnndilmliformis
885 869 989 912 tubo
1016 870 1060 911 in
1089 870 1272 912 limbum
1297 881 1346 911 eo
1375 870 1609 923 longiorem
1649 870 1811 911 sensim

109 933 326 989 ampliato,
364 929 480 973 limbi
521 929 684 971 laciniis
728 930 776 971 lO
800 943 822 972 a
854 929 940 971 basi
976 929 1232 982 triangulari
1273 929 1728 971 subulam-attenuatis
1770 930 1811 970 in

109 991 377 1035 aestivatione
417 989 686 1033 circinnatim
731 988 924 1032 curvatis
966 988 1302 1031 intercalaribus
1345 989 1473 1043 paulo
1517 988 1811 1038 brevioribus,

109 1051 302 1096 antlieris
341 1048 578 1092 linearibus
616 1059 751 1102 prope
788 1048 912 1091 basin
949 1048 1120 1090 corollae
1154 1048 1329 1091 insertis
1366 1048 1534 1101 apiculo
1570 1048 1810 1090 introrsum

107 1111 235 1163 flexo.
263 1113 374 1164 stylo
402 1106 678 1150 brevissimo.
707 1108 907 1161 stigmate
931 1109 1076 1149 conico
1101 1107 1228 1149 valde
1256 1107 1452 1160 elongato
1484 1107 1611 1157 ltirto.
1637 1107 1814 1149 nncnlis

109 1171 291 1214 laevibus
324 1168 487 1222 glabris
519 1171 587 1217 O.
632 1166 681 1209 H.
712 1166 949 1220 neglectam
982 1171 1025 1209 et
1060 1167 1110 1208 H.
1137 1165 1479 1208 Hausskneclztil
1512 1166 1598 1220 Bge
1628 1167 1704 1207 loc.
1737 1167 1806 1207 cit.

107 1243 148 1285 p.
175 1230 230 1271 32
258 1232 300 1271 et
321 1225 392 1270 34.

154 1303 258 1339 Hah.
283 1302 322 1337 in
342 1301 531 1347 glareosis
550 1301 725 1347 Assyriae
744 1300 795 1336 ad
814 1300 1014 1346 Tigridem
1033 1310 1152 1347 prope
1174 1299 1326 1335 Mossnl
1349 1299 1439 1345 (ΚΥ.
1460 1309 1539 1335 exs.
1559 1299 1647 1335 436!
1668 1299 1742 1334 sub
1764 1298 1810 1334 H.

104 1350 383 1398 ‚wamiam-o),
410 1350 450 1385 in
480 1349 681 1384 schistosis
702 1347 937 1384 Karduchiae
970 1349 1152 1383 Armenae
1172 1347 1220 1383 ad
1239 1346 1385 1382 Miikus
1413 1346 1521 1383 4000’
1554 1347 1644 1392 (ΚΥ.
1671 1346 1806 1393 Suppl.

107 1399 220 1441 700!).
241 1399 280 1434 in
301 1396 492 1433 Cataonia
509 1406 629 1444 prope
648 1395 830 1432 Maraseh
849 1395 1028 1440 (Haussk
1042 1397 1078 1440 l).

155 1461 294 1499 Pedale
316 1464 352 1497 et
373 1459 658 1507 sesquipedale,
684 1459 827 1495 racemi
846 1458 1006 1495 demum
1038 1459 1206 1506 pedales,
1239 1458 1390 1504 calyces
1410 1458 1584 1502 decidui3
1621 1459 1738 1494 facies
1759 1457 1810 1494 ll.

109 1509 350 1556 qramlz'florz‘
363 1519 474 1555 aquo
487 1507 617 1543 differt
633 1507 789 1543 corollze
806 1510 883 1542 tres
900 1506 1025 1542 lineas
1045 1510 1197 1542 tantum
1214 1505 1344 1551 longae
1359 1505 1456 1542 tubo
1476 1506 1600 1541 multo
1622 1506 1809 1550 breviore,

104 1549 228 1594 limbo
246 1559 356 1592 acute
374 1555 614 1597 decemlolo0,
636 1565 725 1602 quae
741 1558 833 1590 nota
852 1554 893 1589 in
912 1565 1009 1601 spec.
1031 1555 1171 1601 typicis
1191 1553 1234 1589 H
1264 1553 1600 1599 cz'rcz'nnatz'aeque
1628 1564 1670 1589 at·
1701 1554 1736 1588 in
1760 1552 1806 1588 H.

106 1604 277 1652 neqlecto
292 1607 330 1639 et
346 1602 396 1639 Η.
414 1601 732 1640 Haussknechtz‘i
747 1602 828 1648 Bge
844 1602 1088 1638 observatur.

166 1719 232 1760 27.
268 1718 333 1760 H.
361 1717 739 1761 Mesinanum
763 1716 872 1772 (Bge
897 1716 972 1759 loc.
996 1717 1063 1758 cit.
1093 1731 1129 1771 p.
1157 1717 1231 1763 535]
1256 1729 1464 1768 annuum,
1489 1717 1649 1759 humile
1672 1730 1692 1757 a
1720 1717 1808 1761 basi

105 1778 364 1832 spicigerum
391 1776 873 1820 divaricato·ramosum
899 1780 1143 1819 retrorsum
1172 1777 1436 1825 villosulum,
1465 1776 1576 1818 soliis
1596 1776 1812 1830 petiolatis

107 1836 394 1880 subrotundis
439 1835 733 1879 obtusissimis
781 1848 914 1890 supra
960 1836 1305 1878 atrovirentibus
1352 1836 1601 1888 strigillosis
1650 1836 1807 1878 subtus

106 1896 448 1939 canescentibus.
482 1896 614 1949 spicis
647 1895 855 1949 elongatis
885 1896 1120 1938 laxissimis
1159 1895 1423 1938 nniscriatis.
1458 1895 1613 1948 calycis
1645 1895 1809 1937 laciniis

106 1955 479 2009 lineari-oblongis
505 1955 661 1998 erectis
679 1954 854 1997 corollae
879 1955 1033 1998 tubum
1060 1959 1304 1997 retrorsum
1329 1954 1550 2008 hispidum
1579 1956 1697 1997 intus
1722 1955 1811 2007 gla-

106 2014 234 2057 brum
259 2013 587 2069 superantibus,
613 2014 731 2056 limbi
754 2014 1094 2057 infundibularis
1122 2017 1249 2056 extus
1275 2013 1414 2068 glabri
1442 2013 1551 2062 loliis
1579 2012 1627 2055 lo
1649 2014 1809 2056 acumi-

105 2074 218 2117 natis
241 2073 534 2117 exterioribus
554 2073 981 2123 incurvo-involutis,
1011 2074 1344 2134 intercalaribus
1369 2073 1506 2116 multo
1532 2073 1809 2115 brevioribus

106 2134 278 2185 erectis,
305 2133 499 2176 antheris
531 2133 575 2175 in
604 2133 744 2176 meslio
780 2133 884 2176 tubo
923 2134 1032 2176 sitis‘
1055 2133 1175 2187 apice
1215 2145 1297 2175 non
1331 2133 1810 2182 hamato-iniit-romaum

106 2192 305 2246 stigmate
328 2192 558 2235 subsessili
586 2205 609 2235 a
639 2192 727 2235 basi
756 2192 931 2235 dilatata
960 2193 1169 2236 undulata
1196 2192 1389 2235 breviter
1415 2191 1559 2233 conice
1582 2191 1700 2244 apice
1724 2191 1809 2233 liis-

104 2251 269 2306 pidulo,
297 2252 469 2294 nuculis
497 2251 745 2294 laevissimis
771 2252 934 2306 glabris
965 2256 1029 2303 Θ,

134 2324 254 2408 ,(Ιίᾆειι).
276 2326 315 2361 in
334 2325 469 2361 Persia
486 2325 639 2361 boreali
656 2326 784 2372 magis
803 2326 985 2362 orientali
1006 2326 1108 2362 inter
1124 2326 1305 2362 Mesinon
1325 2328 1363 2361 et
1380 2325 1494 2360 Melu-
1512 2324 1698 2370 (Bungvl.
1721 2324 1807 2359 Non

104 2381 144 2408 vi
174 2383 196 2407 1.

153 2435 210 2471 Ex
231 2437 344 2472 amic.
368 2438 524 2472 auctore
552 2437 667 2472 affine
687 2436 735 2472 H.
761 2437 934 2484 vzeylecto
962 2437 1067 2483 quod
1086 2438 1134 2472 ad
1154 2436 1200 2472 H.
1220 2436 1484 2474 circinnatum
1514 2436 1672 2479 adduxi,
1693 2435 1806 2471 ssores

103 2482 143 2518 in
161 2484 279 2530 spicis
297 2483 398 2520 inter
417 2494 458 2519 se
476 2483 680 2529 distantes,
699 2494 834 2520 eorum
855 2484 1061 2530 longitudo
1079 2495 1156 2520 non
1178 2485 1385 2520 indicatur.

165 2597 231 2640 28.
266 2596 333 2639 H.
363 2597 802 2642 samolissorum
840 2598 1008 2652 (Bunge
1040 2599 1116 2641 loc.
1149 2599 1218 2641 cit.
1256 2612 1297 2652 p.
1329 2598 1402 2652 36)
1440 2610 1631 2640 annuum
1661 2610 1684 2639 a
1715 2596 1807 2639 basi

106 2655 371 2699 divaricatim
399 2669 621 2699 ramosum
646 2658 744 2711 pilis
764 2658 923 2712 patulis
945 2658 1001 2699 ad
1024 2670 1168 2700 ramos
1192 2662 1230 2700 ct
1252 2658 1434 2711 petiolos
1457 2657 1663 2698 retrorsis
1686 2656 1804 2699 villo—

106 2727 217 2759 sum.
241 2715 354 2758 soliis
382 2716 506 2770 longe
525 2716 742 2770 petiolatis
767 2717 1169 2760 ovato-orbiculatis
1191 2716 1358 2759 obtusis
1381 2716 1536 2759 subtus
1560 2717 1803 2769 prtescrtim

106 2774 259 2817 crebre
286 2778 329 2818 et
356 2775 521 2818 minute
558 2776 861 2829 tuber-culatis,
899 2777 1029 2830 spicis
1067 2776 1273 2819 solitariis
1308 2775 1559 2818 uniseriatiS
1596 2775 1809 2823 elongatis

105 2833 278 2875 tandem
303 2834 425 2881 laxis,
443 2834 599 2888 calycis
625 2834 791 2878 laciniis
813 2835 1258 2888 oblongo-linearibus
1282 2835 1450 2877 obtusis
1474 2834 1680 2877 corollino
1703 2835 1807 2876 tubo

105 2890 219 2934 hirto
251 2893 369 2936 intus
401 2893 550 2947 glabro
581 2893 961 2945 subbrevioribus,
993 2895 1165 2938 corollae
1197 2894 1323 2935 limbo
1350 2893 1451 2935 tubo
1476 2893 1804 2946 subquilongo

105 2950 193 2993 fere
217 2951 268 2993 ad
298 2952 417 2995 basin
442 2952 484 2995 in
510 2954 533 2995 5
559 2953 682 2996 lobos
707 2953 1182 3008 spalliulato-oblongos
1201 2957 1243 2995 et
1269 2955 1291 2995 5
1320 2953 1494 2994 lacinias
1519 2953 1801 2994 intercalares

104 3009 329 3053 subulatas
367 3012 538 3065 partito,
575 3012 769 3055 antheris
806 3013 1255 3067 oblongo-linearibus
1283 3012 1393 3054 infra
1432 3011 1620 3054 medinm
1650 3010 1801 3053 tubum
