2065 3271
87 266 342 313 Schanyim'a.
806 270 1078 298 sALSOLAcBAE.
1710 260 1786 296 945

87 349 249 401 goniurn
272 345 514 381 fructiferum
535 355 663 390 magn.
681 343 845 380 seminis
861 341 1094 379 Cannabeos
1111 344 1220 388 apice
1240 343 1582 390 quinquegibbum
1599 342 1781 379 innatum

87 403 355 442 sponglosum.

134 460 196 495 Ar.
219 458 349 503 Gooqr.
377 456 525 492 Arabia
547 458 706 504 tropica.

146 558 184 599 3.
207 555 332 599 Sch.
349 554 654 599 hortensis
670 554 839 610 (Forsk.
853 553 914 596 Fl.
931 552 1002 606 Eg.
1020 552 1149 595 Arab.
1166 565 1204 607 p.
1220 554 1265 595 71
1282 554 1363 596 sub
1378 554 1554 608 Suoedd)
1575 553 1781 608 perennis

88 615 365 659 suffruticosa
392 613 539 666 glabra
571 626 696 668 parce
722 612 1210 666 farinoso-glaucescens
1245 616 1386 655 erecta
1413 614 1557 666 patule
1586 617 1627 656 et
1656 613 1782 665 longe

87 686 255 718 ramosa
295 672 425 715 ramis
467 673 576 716 albis
619 668 845 722 induratis,
881 671 994 714 foliis
1033 671 1270 714 linearibus
1305 672 1463 724 glabris
1499 672 1780 714 acutiusculis

85 733 304 786 elongatis.
321 731 502 774 floribus
519 731 884 786 hermaphroditis
901 729 953 773 ad
973 730 1125 773 axillas
1141 730 1438 784 glomcrulatis
1458 731 1595 783 spicas
1613 730 1778 773 foliatas

86 792 253 835 inferne
296 791 415 833 laxas
446 790 750 842 formantibus,
788 789 997 844 perigonii
1036 788 1207 832 demum
1243 788 1334 831 basi
1367 789 1572 832 attenuati
1614 789 1778 831 laciniis

85 850 284 894 concavis
310 849 550 892 immutatis
588 848 931 902 diva-gentibus,
964 848 1130 891 semine
1158 846 1386 902 pyriformi
1422 851 1607 890 rostrato
1643 848 1780 889 nitido

85 910 206 962 nigro
232 907 423 951 obsolete
446 911 651 962 punctato
669 912 706 958 5.
734 906 1002 959 Schanyinia
1022 906 1241 949 hortensis
1264 906 1374 960 Moq.
1400 904 1585 960 Clienop.
1606 930 1663 937 —
1686 906 1779 949 Sal-

84 967 179 1011 sola
201 967 430 1020 diveryens
457 966 574 1010 Poir.
602 967 711 1010 Dict.
739 967 777 1019 7,
798 979 838 1021 p.
864 966 960 1009 3299.
988 990 1038 996 —
1065 965 1387 1018 Cleenopodium
1412 963 1612 1007 hor-tense
1642 965 1776 1007 Roem.

85 1030 126 1070 et
152 1026 246 1069 Sch.
273 1025 388 1079 Syst.
419 1027 459 1078 6,
484 1039 527 1081 p.
557 1027 655 1069 268.

131 1100 232 1136 Hab.
253 1101 290 1135 in
311 1099 466 1146 Egypto
496 1100 544 1135 ad
564 1099 702 1135 Birket
726 1099 763 1135 el
791 1099 893 1144 Hadi
919 1098 1182 1144 (Schweinf!)‚
1216 1099 1253 1133 in
1283 1098 1438 1134 deserto
1466 1107 1587 1144 prope
1620 1097 1779 1143 Bagdad

85 1148 234 1193 (Noel)‚
256 1147 297 1183 in
317 1147 441 1182 hortis
459 1157 564 1194 saepe
583 1147 700 1184 culta.

131 1210 343 1255 Cubitalis‚
377 1209 529 1255 inferne
564 1209 977 1254 fruticoso-indurata,
1011 1209 1137 1245 differt
1170 1219 1193 1245 a
1223 1207 1537 1256 praecedentibus
1577 1208 1779 1253 pei-igonio

85 1257 283 1293 fructifero
306 1258 514 1293 immutato
535 1267 614 1293 non
632 1257 768 1293 inflato
788 1266 858 1292 nec
881 1256 1326 1303 tuberculato-gibboso.

129 1321 189 1357 Ar.
211 1321 342 1366 Geoqr.
369 1321 518 1358 Arabia
535 1321 696 1367 tropica.

259 1480 529 1530 BtENERTlA
561 1480 661 1542 (qu
690 1481 731 1528 in
758 1480 837 1529 titt.
857 1507 920 1516 —-
939 1479 1260 1543 Schangtinz'ae
1284 1480 1366 1542 Sp.
1388 1479 1591 1538 Fenzl.).

139 1623 289 1667 Flores
332 1621 485 1665 abortu
525 1622 754 1678 polygami‚
798 1623 1081 1676 praecociores
1120 1622 1460 1678 hermaphroditi
1502 1625 1545 1664 et
1582 1624 1779 1665 nonnulli

82 1682 255 1726 feminei
286 1694 420 1737 supra
457 1681 580 1725 basin
626 1682 753 1724 imam
785 1681 874 1724 folii
905 1681 1098 1724 axillaris
1125 1682 1414 1736 glomerulati.
1446 1682 1590 1724 caeteri
1629 1693 1779 1724 omnes

82 1742 254 1786 feminei
280 1741 322 1783 in
350 1753 544 1784 racemos
571 1740 727 1784 breves
754 1741 1045 1794 glomer-ulum
1075 1744 1336 1796 superantes
1360 1741 1572 1795 dispositi.
1604 1741 1779 1794 Perigo-

82 1801 200 1845 nium
234 1800 382 1843 ovario
406 1799 612 1843 adnatum
635 1799 717 1843 sub
742 1799 910 1843 antbesi
939 1799 1480 1855 depresso-subglobosum
1518 1800 1637 1853 apice
1668 1801 1779 1843 lobis

83 1863 107 1903 5
147 1860 288 1914 planis
328 1859 674 1907 conniventibus,
722 1858 994 1902 fructiferum
1032 1860 1157 1902 valde
1204 1860 1463 1915 depressum
1502 1859 1781 1903 circumcirca

81 1920 123 1962 in
147 1920 258 1962 alam
278 1918 587 1961 horizontalem
613 1918 867 1961 circularem
896 1918 1170 1971 spongiosam
1195 1929 1434 1973 expansum
1462 1918 1570 1961 lobis
1598 1919 1782 1962 minutis

82 1978 324 2032 spongiosis
352 1978 396 2019 in
432 1977 572 2020 modio
600 1978 718 2020 disco
742 1977 1146 2020 verrucisormibus.
1178 1976 1369 2020 Stamina
1403 1979 1427 2020 5
1454 1978 1634 2020 inclusa.
1665 1976 1779 2030 Stig-

82 2040 192 2079 mata
215 2037 288 2079 2-3
314 2036 572 2079 brevissime
594 2036 771 2079 clavata.
806 2035 1031 2078 Utriculus
1055 2036 1243 2079 tenuiter
1265 2037 1528 2091 spongiosos
1555 2037 1780 2089 perigonio

82 2095 266 2139 adnatus
306 2095 548 2149 seminique
586 2097 703 2138 arcte
743 2095 983 2138 adhaerens.
1026 2094 1196 2138 Semina
1239 2095 1521 2139 horizontalia
1557 2099 1781 2140 crustacea

84 2154 271 2197 tenuiter
297 2155 538 2209 granulata,
570 2154 776 2209 praecocia
809 2154 979 2207 turgida
1014 2154 1266 2206 biconvexa‚
1298 2156 1488 2198 serotina
1520 2154 1635 2197 inter
1662 2159 1779 2209 coty-

82 2212 258 2256 ledones
284 2217 328 2257 et
358 2213 596 2256 radiculam
634 2213 926 2256 canaliculata.
962 2212 1180 2257 Albumen
1216 2214 1260 2256 in
1301 2217 1489 2269 utroque
1527 2214 1779 2268 embryonis

82 2271 215 2315 latere
238 2284 430 2327 parcum.
459 2295 514 2304 —
536 2271 681 2315 Herba
709 2285 853 2316 annua
876 2272 979 2316 facie
1001 2271 1168 2315 Suoedae
1191 2276 1234 2317 et
1258 2271 1551 2326 Schmzyz'nioe.

143 2386 184 2429 1.
219 2384 278 2428 B.
318 2384 660 2440 cycloptera
689 2385 798 2440 (Bge
822 2385 864 2428 in
893 2385 995 2440 litt.)
1019 2397 1161 2428 annua
1188 2384 1265 2427 sed
1296 2385 1466 2428 inferne
1492 2385 1732 2438 liguescens
1754 2399 1776 2429 a

81 2445 187 2489 collo
204 2456 376 2488 ramosa
399 2445 594 2487 caulibus
621 2444 712 2488 basi
736 2443 950 2487 induratis
972 2444 1308 2487 ascendentibus
1326 2444 1644 2493 crassiuseulis,
1663 2443 1776 2486 foliis

80 2503 273 2547 carnosis
296 2503 527 2546 sessilibus
555 2502 1030 2547 lineari-subteretibus
1065 2503 1234 2546 obtusis
1268 2515 1385 2557 saepe
1409 2504 1622 2551 recurvis,
1649 2515 1777 2557 supe-

82 2563 271 2606 rioribus
315 2562 577 2605 abbreviatis
616 2563 817 2606 omnibus
859 2562 1055 2608 caducis,
1101 2563 1310 2615 paniculae
1353 2566 1550 2616 angustae
1595 2563 1777 2605 racemis

82 2621 287 2664 brevibus
312 2621 578 2664 divaricatim
603 2624 645 2664 et
666 2622 860 2664 breviter
884 2622 1115 2664 ramulosis
1146 2621 1397 2664 6-10-ssoris
1421 2621 1616 2664 carnosis
1641 2622 1776 2663 exsic-

80 2681 184 2724 catis
212 2684 259 2724 ut
295 2683 338 2724 et
364 2681 573 2735 paniculae
598 2681 740 2724 rachis
768 2680 1220 2734 angulato·subalatis,
1257 2680 1423 2723 fructus
1452 2679 1675 2722 orbiculati
1710 2680 1776 2724 ala

81 2739 280 2783 circulari
317 2740 483 2782 semine
517 2740 614 2795 ipso
646 2739 983 2793 subaugustiore
1022 2740 1251 2797 spongiosi!
1287 2739 1491 2782 cellulosa
1527 2738 1775 2783 subradiata

80 2798 274 2852 margine
299 2798 456 2842 obtusa
481 2802 525 2841 et
546 2799 739 2842 obsolete
761 2799 936 2842 erosula
965 2802 1026 2849 Θ.

126 2870 226 2907 Hah.
251 2873 292 2907 in
310 2871 445 2908 Persia.
461 2872 644 2909 orientali
662 2872 845 2919 frequens
864 2872 1008 2918 (Bgel).

126 2934 390 2982 Semipedalis
416 2937 454 2971 et
477 2935 641 2982 pedalis,
669 2935 764 2971 folia
785 2936 971 2972 inferiora
989 2935 1080 2973 6-10
1096 2935 1222 2971 lineas
1242 2935 1372 2980 longa,
1398 2933 1583 2980 panicula
1602 2931 1776 2980 5-6-p01.

79 2981 213 3018 licaris
231 2985 399 3029 angusta
416 2984 581 3019 racemis
598 2982 810 3019 ramulosis
828 2982 1009 3029 rigidulis
1031 2982 1322 3029 1-¹s2-pollicem
1342 2981 1482 3027 longis.
1515 2981 1772 3025 Perigonium

79 3028 325 3066 fructiferum
347 3038 437 3066 cum
465 3029 528 3066 ala
546 3033 624 3066 tres
642 3029 769 3066 lineas
788 3030 908 3067 diam.
931 3030 1056 3067 latum
1077 3029 1318 3074 lenticulam,
1345 3029 1484 3065 florum
1506 3029 1774 3069 serotinorum
