2065 3271
94 241 346 280 Lavandula.
843 250 1039 276 mma-rm.
1733 241 1802 277 541

93 337 179 367 non
203 323 452 373 excedente,
484 323 760 375 stigmatibus
785 322 994 366 brevibus
1020 325 1180 367 retusis
1203 328 1238 370 5.
1266 321 1316 363 L.
1342 322 1644 377 pedancalata
1667 323 1697 378 β
1726 324 1796 366 Ca-

93 381 255 426 riensis
290 383 384 425 Btb.
423 382 466 424 in
503 395 588 426 Dc.
628 381 781 425 Prodr.
829 383 893 434 12,
935 396 975 436 p.
1010 381 1117 424 1144.
1158 408 1206 413 -
1234 380 1279 423 L.
1315 381 1562 436 spectabilis
1602 380 1644 424 C.
1685 384 1801 426 Koch

94 443 217 485 Linu.
245 443 316 495 21,
339 454 377 495 p.
405 442 506 483 646.

137 517 236 552 Hab.
267 517 308 551 in
331 501 498 552 c'ollibus
522 515 703 561 Byzantii
733 520 769 551 et
795 516 834 551 in
866 515 1052 561 Bithyni-:1
1078 516 1266 559 (Thuretl
1299 516 1423 552 Cleml
1449 516 1595 552 Thirke
1608 518 1646 560 1),
1679 516 1803 562 Lydia

90 563 230 610 (Auch.
247 563 385 608 17631),
405 564 445 598 in
467 566 600 598 monte
620 563 761 599 Tmolo
780 573 900 610 supra
921 563 1058 609 Birgui
1076 563 1177 607 (Bal.
1197 562 1314 608 3261),
1337 564 1451 600 Caria
1472 563 1685 608 (Pinardl‘).

137 627 261 674 Spicis
283 626 398 672 longe
417 626 690 674 pedunculatis
705 630 743 662 et
758 627 893 662 habitu
913 626 1027 662 valde
1043 627 1171 662 affinis
1189 625 1235 662 L.
1249 627 1531 674 pedunculatoe
1547 627 1640 662 Cav.
1658 628 1801 674 Hispa-

92 675 188 711 nicae
212 686 234 710 a
261 678 338 721 quii
358 677 487 710 tamen
508 675 684 721 specifice
703 674 858 710 differre
876 674 1032 709 videtur
1060 674 1294 710 indumento
1320 685 1447 720 parco,
1479 674 1624 720 calycis
1654 685 1801 722 appen-

91 723 173 758 dice
193 721 370 757 lobulata
390 732 457 757 nec
473 721 637 767 integra,
656 724 766 757 coma
786 720 934 768 pallida
953 731 1021 757 nec
1043 721 1195 757 intense
1218 721 1406 757 violacea.

151 848 275 892 Sem.
320 847 371 890 ΙΙ.
419 847 765 891 Prssaosrfficims
806 847 931 900 Ging.
966 872 1010 877 -
1054 846 1246 891 Bracteae
1290 848 1466 902 spicatae
1506 848 1717 903 oppositae
1756 849 1798 890 in

386 908 529 950 axillis
549 907 758 958 unillorae,
783 918 1002 960 supremae
1022 918 1106 949 non
1124 918 1323 950 comosae.
1347 905 1511 960 Calycis
1532 907 1640 950 dens
1666 920 1799 961 supe-

386 967 477 1008 rior
499 978 584 1008 non
609 966 990 1020 appendiculatus.

150 1094 186 1134 3.
212 1092 270 1134 L.
301 1089 710 1146 atriplicifolia
736 1091 910 1145 (Benth.
937 1105 1017 1135 nc.
1047 1092 1199 1134 Prodr.
1229 1093 1295 1140 102,
1318 1105 1355 1146 p.
1381 1089 1487 1145 146)
1513 1091 1794 1134 suffr-uticosa

89 1151 282 1195 breviter
322 1154 687 1193 cano-t-omentosa
734 1150 867 1192 ramis
909 1151 1084 1196 erectis.
1127 1149 1241 1194 foliis
1279 1151 1577 1204 integerrimis
1616 1150 1794 1192 lineari·

89 1210 298 1263 oblongis,
319 1209 452 1263 spicis
475 1209 699 1252 subternis
723 1210 982 1264 paniculatis
1018 1210 1184 1261 densis,
1216 1209 1399 1253 {loribus
1424 1210 1631 1252 solitariis
1659 1221 1793 1262 oppo-

91 1270 185 1312 sitis
210 1275 249 1319 5,

134 1344 233 1380 Hah.
251 1344 292 1379 in
309 1343 482 1390 AEgypto
499 1344 700 1390 superiore
719 1343 871 1388 (Figari
890 1343 997 1379 herb.
1018 1343 1145 1379 Centr.
1169 1343 1283 1389 Ital).
1312 1344 1401 1379 Non
1421 1343 1515 1378 vidi.

87 1454 100 1491 1
131 1407 260 1490 ξρὶοεε
281 1410 464 1490 nutantes
482 1408 726 1454 1-2-pollices
747 1408 888 1454 longae,
909 1408 1024 1454 calyx
1042 1411 1079 1444 et
1096 1409 1244 1445 corolla
1262 1409 1340 1445 fere
1358 1408 1404 1445 L.
1425 1410 1620 1455 pz'mzatoe,
1639 1407 1796 1444 corollae

107 1465 128 1491 0
160 1465 314 1494 lanQuS
334 1466 355 1490 1.

146 1569 184 1609 4.
221 1567 274 1609 L.
308 1566 611 1610 multifida
645 1567 712 1621 (L.
741 1566 862 1621 Spec.
905 1581 942 1621 p.
967 1567 1073 1623 800>
1112 1569 1358 1622 pubescens
1385 1578 1623 1611 canescens
1650 1564 1793 1607 multi-

89 1627 238 1678 caulis‚
273 1626 470 1669 caulibus
507 1626 718 1670 flexuosis
754 1627 923 1669 inferne
956 1627 1157 1679 ramosis,
1190 1627 1306 1671 foliis
1346 1628 1389 1669 in
1427 1626 1602 1669 lacinias
1634 1624 1793 1665 breves

86 1690 293 1728 cuneatas
320 1685 500 1727 obtusas
528 1686 698 1729 trifidas
728 1687 795 1728 vel
831 1686 1042 1728 lobuiatas
1083 1687 1399 1739 pinnatisectis‚
1437 1685 1569 1740 spicis
1603 1682 1793 1735 longius-

87 1746 180 1787 cule
211 1744 512 1798 pedunculatis
540 1746 702 1798 saepius
729 1745 936 1788 solitariis
957 1745 1156 1798 oblongis
1191 1745 1356 1793 densis,
1390 1743 1573 1787 bracteis
1606 1741 1792 1783 hirsutis

86 1804 222 1846 ovatis
247 1804 385 1846 acutis
405 1804 606 1846 nervosis
626 1805 759 1858 calyci
786 1804 1326 1857 501110111111011ς15,03111015
1355 1799 1790 1853 oblongo-cylindrici

87 1863 291 1905 dentibus
324 1862 491 1904 villosis
525 1863 1060 1917 triangnlari-lanceolatis
1101 1863 1441 1918 subaequalilius‚
1477 1858 1650 1900 corollae
1688 1858 1790 1900 tubo

88 1922 228 1975 calyce
254 1922 446 1972 longiore
481 1927 542 1969 26.
570 1922 624 1964 Ic.
656 1922 808 1965 Barrel
836 1924 934 1964 798.

134 1994 232 2030 Hah.
251 1995 288 2030 in
304 1995 459 2041 Egypto
478 1996 676 2041 superiore
695 1996 846 2040 (Figari
865 2006 912 2032 ex
939 1996 1057 2042 Bm).
1086 1997 1224 2033 Habeo
1246 1994 1437 2041 -1iecimen
1459 1993 1499 2027 in
1526 1992 1639 2027 horto
1668 1991 1787 2027 Kabi-

85 2042 169 2077 rino
193 2053 240 2078 ex
259 2042 422 2078 desertis
441 2042 585 2089 Egypti
605 2043 765 2078 cultum.

131 2106 192 2141 Ar.
214 2105 345 2151 Geogr.
371 2105 585 2150 Lusitania,
607 2106 812 2153 Hispania,
831 2107 959 2142 Africa
978 2107 1146 2143 borealis

143 2211 268 2252 511...
303 2212 638 2265 pubescens
674 2212 907 2267 (Decaisne
929 2213 1041 2256 Flor.
1075 2213 1162 2254 Sin.
1196 2223 1236 2265 p.
1272 2211 1319 2265 8)
1362 2211 1508 2266 patule
1542 2211 1786 2264 pubescens

88 2269 312 2313 viscidula.
340 2271 535 2313 caulibus
560 2273 716 2314 erectis
741 2273 938 2326 opposite
966 2272 1164 2323 ramosiS‚
1196 2270 1308 2313 soliis
1338 2271 1381 2312 in
1420 2270 1597 2312 lacinias
1631 2271 1788 2314 breves

83 2327 477 2381 oblongo-lineares
500 2334 649 2373 acutas
677 2330 1036 2384 bipinnatisectis‚
1066 2330 1198 2384 spicis
1224 2330 1433 2373 solitariis
1468 2330 1537 2371 vel
1563 2330 1789 2383 panicula-

85 2387 139 2428 tis
176 2387 414 2431 linearibus
444 2389 708 2439 densium-is,
746 2390 930 2432 bracteis
962 2389 1154 2431 breviter
1192 2390 1422 2444 puberulis
1460 2387 1656 2441 oblongis
1691 2402 1788 2433 acu-

85 2445 257 2488 minatis
293 2448 493 2490 nervosis
534 2449 678 2501 calyce
717 2449 1097 2501 subbrevioribus‚
1136 2449 1295 2502 calycis
1338 2448 1541 2501 puberuli
1579 2447 1784 2502 oblongo-

83 2504 306 2556 cylindrici
329 2506 535 2549 dentibus
562 2508 904 2560 triangularibus
930 2508 1066 2550 acutis
1094 2520 1302 2562 supremo
1329 2507 1588 2557 sublatiore,
1612 2509 1783 2551 corolla}

82 2562 184 2604 tubo
209 2563 351 2616 calyce
386 2566 518 2620 duplo
552 2566 759 2619 longiore,
788 2567 1064 2619 stigmatibus
1096 2567 1235 2608 ovatis
1267 2573 1328 2614 ᾏ.
1369 2568 1422 2609 Ic.
1458 2565 1593 2608 Jaub.
1636 2571 1677 2609 et
1711 2567 1784 2621 Sp.

84 2619 144 2662 Ill.
170 2622 254 2664 tab⁴
282 2623 381 2666 375.

130 2693 229 2731 Hab.
245 2696 283 2731 in
300 2696 463 2733 desertis
482 2698 627 2745 Egypti
644 2701 743 2735 inter
761 2699 895 2735 Keneli
915 2702 952 2734 et
970 2699 1131 2735 Kosseir
1150 2700 1417 2745 (Schweintl),
1441 2700 1490 2735 ad
1512 2699 1637 2735 Ouadi
1658 2701 1787 2737 Askar

83 2740 223 2795 deserti
243 2743 343 2790 AEgy
358 2745 669 2782 niaco-Arabicis
689 2746 957 2791 (Sem-ainsi),
984 2747 1131 2782 Arabia
1157 2749 1301 2793 petraea
1329 2748 1368 2782 in
1399 2747 1642 2794 rupestribus
1661 2748 1786 2784 Sinai-

84 2789 166 2823 ticis
186 2789 330 2834 (Bovei
377 2792 520 2839 chimp.
543 2793 660 2837 2312).

128 2852 266 2906 Affinis
286 2853 331 2889 L.
352 2855 569 2902 multifida),
601 2857 730 2892 differt
759 2857 875 2904 spicis
907 2857 1154 2903 longioribus
1184 2859 1421 2905 paniculatis
1448 2859 1615 2895 ln·evi¹-·r
1643 2861 1788 2906 pedun—

81 2897 425 2992 cgleagffglssrtagteis
452 2902 664 2950 calyceque
696 2904 867 2940 breviter
898 2905 1099 2951 puberalis
1132 2916 1200 2941 nec
1235 2906 1400 2945 villosis,
1435 2906 1574 2951 calyci-
1603 2908 1788 2944 euntibus

126 2967 136 2980 ι
351 2977 356 2983 .

127 3009 187 3044 Ar.
215 3009 348 3057 Geogr.
378 3013 525 3049 Arabia
546 3015 704 3060 tropica.
