2065 3271
149 199 473 248 Eremostachys.
901 214 1098 242 LAmATAE.
1784 217 1856 256 793

336 343 730 397 En'ttnosrtctlvs
763 351 922 412 (Bnnqc
951 351 991 398 in
1025 351 1169 400 Lcdcb.
1200 353 1258 400 ΡΙ.
1290 355 1366 402 ΑΙῑ.
1396 356 1446 413 ΙΙ,
1476 373 1511 420 p.
1541 359 1651 407 m.

715 442 778 450 —
807 415 1088 463 Phlomz'dis
1116 417 1165 464 L.
1194 418 1294 480 Sp.)

207 530 340 586 Calyx
361 533 913 591 tubuloso·campanulatus
932 540 997 582 vel
1021 540 1447 594 infundibulisormis,
1471 544 1598 589 limbo
1626 547 1842 592 interdum

137 603 338 644 aexpanso
361 593 706 647 membranaceo,
732 597 934 640 dentibus
957 599 980 639 5
1009 598 1105 640 latis
1127 600 1328 652 spinosis.
1350 599 1515 644 Corolla
1539 606 1639 648 tubo
1663 607 1843 660 incluso,

136 651 268 705 galea
305 655 553 705 compressa
590 654 698 697 labio
732 656 892 699 trifido.
935 656 1123 699 Stamina
1159 657 1240 700 sub
1279 659 1399 711 galea
1437 664 1712 706 ascendentia
1754 666 1842 708 fila-

142 709 302 751 -mentis
326 711 628 764 superioribus
656 714 746 756 basi
769 715 1124 769 appendiculatis.
1153 716 1359 759 Antberae
1382 717 1638 763 Pltlomidis.
1664 723 1842 766 Nuculae

136 767 265 821 apice
288 767 548 812 densissime
580 771 740 824 pilosae.
771 773 924 817 Herbae
951 785 1179 828 perennes.
1209 773 1356 818 Genus
1384 776 1527 825 habitu
1562 792 1641 822 nec
1671 782 1842 826 charac-

140 826 312 926 terigus
337 839 359 868 a
389 827 614 872 Phlomicle
653 831 902 874 distinctum
936 833 1004 875 cui
1032 833 1164 876 sectio
1189 834 1309 886 prior
1340 835 1429 877 fere
1458 848 1582 891 aequo
1605 839 1705 892 Jure
1735 841 1840 884 refe·

140 896 224 927 ren
263 898 284 926 a
312 890 443 930 esset.
873 911 879 916 ·

131 1007 268 1052 isser.
299 1009 328 1052 Ι.
362 1010 634 1054 PflLoMomEs
662 1011 749 1065 Bge
785 1011 884 1055 Lab.
914 1012 1033 1056 Pers.
1063 1024 1103 1068 p.
1140 1014 1208 1056 78.
1237 1038 1293 1045 —-
1316 1015 1482 1069 Calycis
1517 1018 1743 1070 cylindrici
1772 1020 1839 1064 vel

466 1071 756 1124 campanulati
782 1071 938 1113 limbus
970 1076 1116 1115 rectus
1143 1085 1228 1116 non
1253 1075 1501 1128 ampliatus.

623 1178 633 1190 ⁸
660 1178 932 1214 Verticillastri
957 1178 1076 1215 dense
1101 1179 1358 1216 G-multissori.

202 1275 238 1316 1.
271 1274 328 1316 E.
355 1273 636 1318 laciniata
657 1274 719 1328 (L.
750 1275 820 1330 Sp.
852 1289 888 1330 p.
914 1276 999 1318 319
1023 1276 1104 1318 sub
1131 1276 1373 1330 Pluomide)
1400 1279 1521 1321 caule
1549 1291 1695 1322 crasso
1722 1281 1837 1324 elato

137 1332 182 1375 in
204 1333 365 1387 spicam
394 1334 554 1387 saepius
583 1334 751 1388 longam
789 1335 911 1389 longe
939 1338 981 1377 et
1013 1334 1273 1378 densissime
1309 1337 1614 1380 albo-lanatam
1646 1338 1837 1393 abeunti,

138 1392 250 1435 soliis
277 1392 520 1435 virentibus
539 1393 666 1448 hirtis
685 1394 828 1437 rarius
853 1393 1092 1437 sublanatis
1115 1394 1374 1438 radicalibus
1400 1396 1678 1449 amplissimis
1705 1398 1837 1451 petio-

137 1451 234 1493 latis
257 1449 598 1504 bipinnatisectis
619 1453 855 1505 segmentis
882 1453 1336 1505 oblongo-lanceolatis
1366 1455 1428 1497 vel
1465 1455 1701 1498 linearibus
1726 1457 1834 1500 infe-

136 1510 328 1552 rioribus
369 1510 560 1556 remotis,
596 1510 707 1553 foliis
747 1511 929 1554 caulinis
966 1511 1191 1554 diminutis
1231 1512 1558 1563 subsessilibus,
1601 1514 1830 1558 floralibus

133 1568 482 1622 ovato-oblongis
504 1569 653 1612 incisis
678 1570 808 1613 ssores
836 1570 1210 1624 subaequantibus‚
1237 1572 1556 1615 verticillaslris
1583 1575 1830 1616 numerosis

138 1627 387 1670 inultissoris
417 1627 697 1672 inferioribus
737 1630 805 1672 vel
845 1630 1047 1672 omnibus
1092 1630 1282 1680 remotis,
1319 1630 1501 1673 bracteis
1537 1632 1828 1674 exterioribus

131 1685 649 1739 'lanceolam-linearibus,
668 1687 809 1740 calyce
826 1688 1125 1742 campanulato
1145 1689 1240 1731 lana
1260 1689 1391 1732 densa
1414 1691 1645 1743 gossypina
1670 1692 1827 1735 vestito

134 1748 332 1789 truncato
354 1744 556 1788 dentibus
581 1745 676 1789 latis
698 1746 862 1790 obtusis
887 1748 928 1789 in
953 1748 1148 1802 spinulas
1175 1747 1454 1791 brevissimas
1481 1753 1620 1791 rectas
1646 1748 1741 1792 dein
1753 1762 1823 1792 um

130 1807 331 1857 ,patentes
357 1804 632 1855 abeuntibus,
657 1807 816 1848 corolla
843 1807 1096 1849 ochroleuca
1125 1806 1189 1848 vel
1225 1808 1726 1861 purpurascenti-lurida
1765 1815 1828 1855 26.

137 1861 188 1903 Ε.
210 1862 421 1905 laciniam
449 1863 532 1917 Bge
555 1864 598 1905 in
629 1863 727 1906 Led.
755 1865 815 1906 Fl.
846 1865 928 1908 Alt.
955 1867 979 1907 2
1008 1879 1042 1919 p.
1069 1866 1169 1907 416.
1194 1888 1251 1896 -
1277 1865 1328 1907 Ic.
1359 1865 1454 1907 Bot.
1483 1865 1585 1919 Reg.
1613 1879 1651 1919 p.
1677 1868 1746 1909 52.
1774 1892 1830 1899 —-

133 1920 183 1963 P.
215 1920 384 1965 Iberica
410 1923 496 1966 Vis.
525 1947 578 1957 —
602 1923 637 1965 Ι.
661 1923 951 1966 macrocheila
975 1924 1101 1967 Jaub.
1127 1928 1170 1967 et
1197 1924 1269 1977 Sp.
1303 1924 1364 1966 Ill.
1392 1924 1440 1966 V.
1471 1938 1509 1978 p.
1538 1926 1601 1967 is.

181 1996 282 2033 Hah.
302 1998 341 2032 in
359 1998 518 2040 regione
536 1998 717 2034 interiore
734 1999 771 2033 et
789 2001 986 2044 montana,
1017 1999 1153 2034 Cilicia
1174 1998 1356 2039 littoralis
1383 1998 1518 2045 (Ball),
1547 1999 1662 2045 Syria
1689 1999 1829 2043 (Schu-

132 2043 247 2090 bert),
281 2045 424 2080 Libani
455 2046 562 2090 regio
588 2045 747 2081 inferior
777 2045 858 2091 (ΒΗ
891 2045 998 2081 Gaill
1011 2047 1050 2091 1),
1082 2046 1300 2090 Coelesyria
1331 2046 1514 2091 (Boissl),
1548 2046 1747 2082 Palestina
1781 2048 1832 2084 ad

130 2092 338 2127 meridiem
357 2093 464 2128 Gaza
483 2093 612 2137 (Boiss
626 2095 662 2139 t),
685 2093 994 2129 Transcaucasia
1011 2097 1049 2129 et
1066 2093 1163 2129 ditio
1181 2093 1356 2139 Talysch
1374 2093 1528 2138 (Hohl).

189 2192 230 2233 2.
265 2190 320 2233 Ε.
349 2189 690 2235 adenantha
726 2189 870 2249 (Jaub.
906 2195 949 2234 et
984 2190 1059 2246 Sp.
1093 2191 1153 2234 ill.
1193 2191 1266 2234 Or.
1295 2192 1345 2233 V.
1383 2206 1424 2247 p.
1459 2193 1527 2245 13)
1560 2192 1669 2235 collo
1696 2192 1829 2236 dense

127 2249 290 2299 ianam,
313 2250 433 2293 caule
456 2253 600 2293 erecto
623 2251 790 2294 modice
812 2252 922 2293 elato
948 2251 1354 2294 tomentoso·lanato
1378 2252 1419 2292 in
1446 2252 1607 2304 spicam
1637 2251 1832 2295 breviter

127 2308 706 2361 glanduloso·tomentellam
723 2309 813 2353 basi
838 2310 1212 2363 subinterruptam
1229 2310 1429 2356 abeunte,
1453 2311 1562 2351 folils
1582 2310 1829 2353 virentibus

128 2379 265 2421 supra
291 2368 416 2412 hirtis
442 2369 598 2411 subtus
619 2368 1124 2412 canescenti-sublanatis
1145 2368 1186 2410 in
1205 2373 1426 2420 segmenta
1452 2369 1827 2421 oblongo-lanceo-

125 2425 213 2468 -iata
253 2427 504 2482 pinnatilida
535 2427 600 2469 vel
633 2429 786 2481 partita
822 2427 1080 2480 pinnasectis
1112 2427 1390 2469 inferioribus
1427 2428 1547 2480 longe
1588 2428 1822 2480 petiolatis‚

132 2486 450 2529 verticillastris
491 2486 734 2529 multifloris
775 2486 1019 2528 numerosis
1058 2485 1335 2529 inferioribus
1374 2486 1676 2532 subdiscretis,
1715 2486 1825 2528 foliis

124 2543 353 2587 floralIbus
388 2545 525 2588 ovatis
569 2546 706 2588 acutis
740 2545 1006 2595 subintegris
1049 2545 1179 2588 flores
1219 2545 1594 2599 subaequantibus.
1638 2544 1822 2587 bracteis

130 2602 280 2645 lineari
302 2604 579 2647 -lanceolatis
639 2605 782 2658 calyce
842 2603 1204 2646 subbrevioribus
1263 2604 1575 2657 calycibusque
1633 2604 1824 2646 breviter

121 2663 678 2716 tomentoso-glandulosis‚
713 2663 870 2716 calycis
909 2663 1110 2706 (lentibus
1154 2662 1250 2705 latis
1291 2663 1563 2705 brevissimis
1611 2662 1822 2704 truncatis

127 2723 291 2763 retusis
308 2721 347 2763 in
366 2723 562 2775 spinulas
579 2722 858 2765 brevissimas
874 2722 1224 2773 excurrentibus,
1238 2722 1397 2764 corolla
1419 2720 1738 2763 lurido-ssavida
1764 2725 1823 2767 26.

175 2794 274 2831 Hah.
293 2797 332 2831 in
353 2796 494 2832 Persiae
513 2797 699 2833 australis
717 2796 884 2833 collibus
903 2806 1022 2843 prope
1044 2796 1201 2832 Schiras
1220 2798 1256 2832 et
1275 2795 1501 2841 Persepolin
1524 2795 1618 2839 (ΚΥ.
1636 2805 1713 2829 exs.
1733 2793 1824 2829 3632

128 2844 164 2877 sit
179 2842 243 2879 801
261 2845 268 2878 l
285 2843 358 2879 sub
380 2844 422 2879 E.
439 2841 661 2889 laciniam),
690 2845 730 2879 in
749 2843 918 2879 dumetis
937 2845 1130 2880 montium
1149 2844 1314 2888 Sawers‚
1342 2843 1525 2883 Eschker,
1558 2842 1671 2878 Kotel
1699 2841 1824 2876 Mallu

132 2891 165 2924 >et
182 2900 300 2936 prope
319 2891 497 2927 Kaserun
515 2891 745 2938 (Hausskl).

168 2946 307 2983 Facies
332 2946 375 2983 E.
395 2947 593 2984 laoz'm‘acae
612 2957 681 2995 pro
709 2948 818 2994 cujus
846 2948 971 2984 forma
999 2947 1093 2984 olim
1122 2947 1244 2983 habui
1271 2949 1308 2983 et
1333 2957 1356 2982 a
1383 2949 1459 2992 quii
1487 2945 1592 2981 toliis
1620 2943 1824 2980 floralibus

1638 3007 1682 3043 51
