2100 3262
321 201 397 244 '708
1090 218 1287 245 mma-ms.
1832 208 2021 250 Sz'derz'tz'st.

385 347 507 391 SECT.
544 348 597 390 II.
636 347 919 393 EMPEDOCLEA
944 349 1037 393 Bth.
1066 349 1167 393 Lab.
1205 363 1247 404 p.
1286 347 1383 393 374.
1411 374 1460 381 —-
1486 349 1640 392 Herbae
1674 362 1888 405 perennes
1928 353 2023 405 plu-

622 409 803 452 ricaules
830 410 920 452 basi
944 409 1158 451 induratae
1182 410 1247 452 vel
1279 408 1657 459 sut'frutescenteS.
1702 409 1820 451 Folia
1852 409 2021 459 floralia

621 468 900 520 integerrima
946 468 1075 510 flores
1112 469 1155 510 in
1187 468 1509 510 verticillastris
1547 468 1722 512 sessiles
1756 469 2016 522 amplecten-

620 527 690 568 tia.
717 552 772 557 —
794 527 968 580 Species
1000 526 1148 569 habitu
1175 527 1353 581 proprio
1377 527 1561 576 donatae,
1590 526 1666 570 sed
1694 528 2022 571 characteribus

617 586 892 639 gravioribus
930 598 1012 628 non
1050 585 1262 630 distinctae
1300 588 1342 629 et
1377 585 1596 628 interdum
1633 598 1746 640 aegre
1784 586 2023 630 limitandas

627 648 674 687 ut
693 645 779 699 jam
804 646 864 688 cl.
898 644 1052 688 Bentb.
1079 645 1400 688 animadvertit.

385 771 421 812 7.
456 769 514 813 S.
555 770 863 814 hololeuca
906 770 1067 826 (Boiss.
1106 775 1147 815 et-
1178 771 1330 814 Heldr.
1370 771 1521 824 Diagn.
1566 771 1726 823 Seni,
1767 773 1815 814 12
1850 785 1898 827 p.
1944 774 2024 829 69)

323 826 414 872 basi
443 829 644 872 indurata
671 830 935 873 multicaulis
959 830 1093 873 dense
1116 833 1159 873 et
1181 831 1390 885 adpresse
1415 834 1502 873 tota
1528 830 1852 884 albo-pannosa,
1889 832 2021 874 cauli-

324 887 406 931 bus
447 900 638 942 superne
673 889 927 931 tricbotorne
970 889 1257 943 corymbosis,
1300 889 1621 932 verticillastris
1651 889 1841 942 globosis
1884 892 2023 933 inter-

323 948 464 991 medio
489 948 680 991 solitario
709 948 997 1001 pedunculato
1036 948 1287 991 lateralibus
1315 949 1521 991 solitariis
1560 949 1627 991 vel
1662 948 1776 991 binis
1816 951 2020 1004 approxi‹

323 1008 464 1053 matis.
489 1007 599 1049 foliis
625 1007 1022 1049 orbiculari-ovalis
1048 1009 1213 1050 minute
1248 1007 1484 1050 crennlatis
1515 1007 1809 1050 obtusissimis
1847 1009 2020 1050 inferio-

325 1065 448 1109 ribus
477 1066 706 1121 petiolatis‚
735 1065 1040 1120 superioribus
1069 1067 1298 1111 sessilibus
1325 1066 1536 1118 oblongis,
1557 1067 1781 1110 floralibus
1803 1067 1845 1109 in
1874 1078 2025 1110 urceo=

322 1122 414 1167 lum
435 1126 608 1168 brevem
630 1129 875 1168 truncatum
896 1124 1086 1168 obsolete
1105 1130 1147 1168 et
1166 1126 1424 1169 brevissime
1438 1126 1784 1168 bimucronatum
1802 1126 2019 1179 calycibus

325 1181 503 1227 dimidio
528 1183 775 1227 breviorem
809 1184 1021 1233 connatis,
1062 1185 1217 1238 culycis
1259 1185 1559 1240 albo-pannosi
1596 1185 1799 1227 dentibus
1828 1185 2020 1228 breviter

327 1243 668 1296 triangularibus
691 1243 875 1295 obtusi&
901 1244 1073 1285 corollae
1108 1244 1235 1286 luteae
1262 1244 1363 1286 tubo
1402 1243 1661 1286 brevissime
1688 1247 1861 1286 exserto
1892 1244 2023 1286 limbo

328 1302 505 1344 minimo
540 1312 597 1353 25.
630 1302 669 1344 S.
695 1301 897 1355 rlzytidea
929 1301 1031 1356 Spr.
1063 1327 1118 1332 ——
1139 1302 1179 1345 S.
1208 1314 1372 1356 rayosa
1396 1300 1508 1345 Poir.

376 1373 476 1410 Hal).
497 1375 536 1410 in
560 1375 803 1422 rupestribus
822 1374 1072 1411 calidissimis
1089 1375 1207 1412 vallis
1226 1376 1378 1423 Dj0ksu
1397 1375 1516 1411 Tauri
1530 1374 1689 1411 Isaurici
1709 1375 1808 1411 inter
1824 1375 2023 1416 Karaman

327 1424 364 1458 et
384 1421 578 1458 Ermenek
596 1423 699 1459 &lOO'
724 1422 914 1467 (Heldrl).

372 1485 516 1521 Caules
541 1486 712 1532 pedales,
738 1486 832 1521 folia
852 1486 1035 1522 inferiora
1053 1486 1139 1522 9-12
1158 1486 1284 1521 lineas
1305 1486 1424 1531 longa
1446 1489 1482 1521 et
1498 1486 1592 1529 lata,
1613 1487 1710 1522 rami
1731 1486 1889 1523 floriferi
1908 1486 1967 1522 bis
1986 1489 2023 1525 et

325 1534 382 1569 ter
400 1534 623 1568 tricliotorni
641 1533 811 1580 capitulo
831 1533 991 1569 centrali
1011 1534 1169 1569 brevius
1187 1534 1457 1580 pedunculato,
1475 1534 1646 1580 capitula
1661 1533 1844 1570 avellana
1859 1535 2023 1579 minora,

323 1579 441 1626 calyx
463 1583 538 1616 tres
560 1580 683 1615 lineas
704 1581 856 1626 longus.
880 1581 1036 1627 Species
1056 1581 1340 1617 innotescentia
1362 1581 1597 1627 corymbosa
1614 1581 1790 1627 insignis.

382 1690 421 1732 8.
457 1689 507 1733 S.
544 1690 774 1734 Cretica
820 1689 979 1745 (Boiss.
1024 1690 1122 1733 Mss.
1162 1703 1248 1732 non
1288 1689 1352 1741 L.)
1390 1689 1482 1733 basi
1520 1689 1720 1732 indurata
1758 1688 2025 1733 multicaulia

323 1751 412 1791 tota
459 1749 592 1791 dense
637 1750 912 1799 albo-lanata,
960 1749 1157 1792 caulibus
1202 1750 1415 1803 elongatis
1456 1749 1727 1804 simplicibus
1765 1750 1833 1792 vel
1874 1749 2020 1791 rarius

322 1808 520 1862 opposite
548 1810 746 1860 ramosis,
775 1809 1092 1851 verticillastris
1120 1809 1369 1851 numerosis
1398 1808 1660 1851 distantibus
1682 1808 1805 1861 longe
1828 1808 2021 1861 spicatis.

320 1866 433 1910 foliis
461 1867 655 1920 oblongis
683 1872 725 1910 et
761 1868 1213 1920 oblongo-lanceolatis
1249 1867 1341 1910 basi
1378 1868 1612 1910 attenuatis
1644 1867 1807 1909 infimis
1844 1866 2014 1909 obtusis

321 1926 595 1969 subcrenatis
631 1926 903 1969 intermediis
938 1927 1233 1978 acutiusculis,
1269 1927 1494 1969 floralibus
1529 1926 1717 1968 cordatis
1754 1926 1938 1979 abrupte
1977 1928 2022 1968 et.

322 1983 517 2028 breviter
540 1987 795 2029 acuminatis
826 1987 994 2039 calyces
1033 1986 1322 2039 recitantibus,
1354 1987 1511 2038 calycis
1537 1986 1664 2028 lanati
1691 1984 1894 2027 dentibus
1931 1984 2020 2026 lan-

324 2045 502 2087 ceolatis
537 2046 674 2088 acutis
710 2045 811 2087 tubo
841 2045 1059 2100 subdupla
1088 2045 1376 2092 brevioribus,
1409 2044 1580 2087 corollae
1620 2045 1746 2087 lutcae
1784 2044 1885 2086 tubo
1920 2043 2022 2085 sub-

328 2102 496 2146 incluso
528 2113 583 2154 26.
611 2104 650 2146 S.
677 2102 861 2157 Syriaca
887 2105 933 2146 L.
959 2104 1079 2157 Spec.
1104 2117 1142 2159 p.
1169 2102 1345 2147 801-
1368 2104 1426 2146 lc.
1461 2103 1520 2145 Fl.
1551 2101 1681 2146 Graec.
1722 2102 1802 2145 tab.
1845 2104 1941 2145 550.
1963 2125 2023 2137 -ι

320 2158 456 2204 Rcbb.
484 2164 537 2205 Ic.
564 2163 670 2205 Exot
709 2163 790 2204 tab.
819 2164 895 2205 57.

368 2236 469 2273 Hah.
497 2239 535 2273 in
566 2239 675 2274 siccis
700 2238 871 2283 regionis
897 2242 1094 2273 montanae
1124 2240 1160 2272 et
1190 2237 1411 2284 subalpinae
1444 2238 1566 2273 Cretae
1592 2236 1821 2273 2500’·5000‘
1847 2236 2024 2281 QTourn,

319 2283 428 2321 Sieb!
449 2285 585 2329 Simu,
607 2285 743 2321 Heldrl
764 2285 911 2331 Raull).
931 2285 1058 2331 Vulgo
1078 2285 1301 2321 Malocooea.
1319 2285 1453 2320 Flores
1478 2286 1619 2331 apibus
1639 2284 1860 2330 gratissimi.

379 2353 421 2407 β.
452 2354 726 2395 condensata.
760 2378 803 2383 —
831 2353 1135 2396 Verticillastri
1162 2353 1413 2406 superiores
1441 2353 1587 2395 rarius
1613 2363 1763 2395 omnes
1787 2351 1830 2393 in
1858 2351 2021 2404 spicam

321 2414 571 2455 continuam
598 2412 862 2456 condensati.
892 2411 1170 2455 Iutermediis
1196 2412 1247 2453 ad
1275 2412 1455 2454 formam
1480 2412 1664 2465 typicam
1691 2410 1859 2453 transit.

368 2488 469 2523 Hab.
490 2489 530 2523 in
549 2489 701 2523 saxosis
721 2488 892 2533 regionis
909 2487 1121 2534 superioris
1138 2488 1282 2523 montis
1299 2487 1443 2534 Delphi
1460 2488 1604 2524 Eubeoe
1620 2486 1847 2523 4500‘-50io'
1862 2485 2025 2533 (Sprunt

321 2532 465 2571 Heldr!
485 2535 637 2582 Orphl).
658 2535 785 2580 Vulgo
809 2535 904 2571 Tsaz'
922 2545 998 2582 apo
1022 2539 1087 2571 tou
1105 2534 1257 2582 Delphi.

369 2599 526 2635 Pedalis
548 2600 665 2634 dense
687 2609 878 2645 pannosa,
900 2599 1071 2645 capitula
1087 2599 1271 2635 avellana
1289 2600 1453 2635 minora.
1473 2599 1567 2635 Haec
1586 2599 1731 2646 species
1751 2599 1789 2633 in
1809 2598 1923 2643 Syria
1945 2608 2021 2634 non

320 2647 456 2682 crescit
475 2651 511 2682 et
530 2656 672 2681 nomeu
693 2647 936 2683 Linneanum
961 2647 1068 2681 omni
1092 2647 1178 2692 Jure
1203 2646 1438 2682 mutandum
1469 2649 1550 2682 erat
1568 2651 1610 2682 ut
1631 2650 1668 2681 et
1691 2645 1788 2681 illud
1805 2645 1834 2681 S
1867 2644 2025 2681 Creticae

320 2692 543 2778 Lina-quae
568 2695 625 2776 {nt
643 2695 755 2729 Creta
776 2703 853 2729 non
876 2693 1028 2728 habitat
1046 2694 1114 2729 sed
1141 2694 1179 2729 in
1208 2694 1350 2729 insulis
1382 2693 1697 2738 Canariensibus‚
1722 2696 1759 2728 et
1778 2696 1835 2728 est
1860 2703 1961 2728 nnnc
1983 2691 2019 2728 S.

321 2750 397 2777 can
430 2752 540 2777 zecms
561 2767 571 2775 .
597 2752 607 2775 1
630 2770 634 2774 .

382 2850 421 2890 9.
456 2847 506 2891 S.
543 2847 781 2903 Sipylea
827 2846 987 2900 (Boiss.
1034 2847 1185 2899 Diagn.
1226 2847 1306 2890 Ser
1360 2848 1392 2898 Ι,
1435 2849 1458 2888 5
1495 2860 1531 2901 p.
1578 2846 1654 2899 32)
1689 2846 1780 2888 basi
1816 2845 2017 2890 indurata

321 2907 583 2950 multicaulis
619 2907 827 2960 adpresse
866 2917 986 2955 cana,
1030 2906 1226 2949 caulibus
1255 2907 1412 2948 erectis
1449 2905 1717 2959 simplicibus
1760 2905 1827 2947 vel
1869 2905 2018 2946 stricte

319 2967 519 3019 ramosis,
546 2965 864 3009 verticillastris
888 2965 1034 3018 parvis
1054 2966 1230 3018 spii-atis
1255 2965 1536 3008 inferioribus
1556 2963 1820 3006 distantibus
1847 2963 2017 3009 cacteris
