2100 3262
299 234 367 270 304
927 222 1334 257 SCROPHULARIACEAE.
1739 212 1986 254 Verbaseum

358 318 394 357 8,
425 313 485 355 v,
513 312 834 355 Armenum
863 304 1015 359 (Boiss.
1039 306 1081 345 et
1104 304 1188 355 Ky.
1211 300 1254 341 in
1279 299 1360 352 Ky.
1383 309 1473 339 exs.
1491 295 1626 351 4859)
1646 299 1783 339 totum
1807 297 1990 352 adpres-

302 374 470 416 sissinie
495 376 537 413 et
563 370 749 412 molliter
780 375 1026 409 canescens,
1061 361 1181 403 caule
1220 360 1330 400 elato
1367 367 1515 399 crasso
1553 356 1756 408 angulato
1792 369 1987 410 superne

300 429 541 474 thvrsoideo
579 439 760 470 ramoso.
797 423 908 467 foliis
934 416 1269 473 subduplicatim
1304 415 1491 458 crenatis
1532 414 1796 457 radicalibus
1830 418 1988 470 amplis

297 476 746 541 ob‘longo-lanceolatis
771 482 862 526 basi
887 481 1078 523 breviter
1105 473 1548 524 attenuatis‚caulinis
1572 472 1799 516 diminutis
1823 477 1983 517 acumi-

295 548 415 590 natis.
436 546 653 589 floralibus
674 543 819 597 parvis
835 540 972 584 ovatis
987 540 1027 580 in
1048 548 1225 580 acumen
1241 533 1486 583 contractiS,
1511 532 1695 574 floribus
1719 532 1983 576 fasciculatis

292 607 334 648 in
373 616 561 648 racemos
606 605 753 655 longos
789 601 956 644 inferne
994 597 1259 648 interruptos
1306 591 1549 647 dispositis.
1586 590 1809 644 pedicellis
1846 593 1982 647 calyci

293 663 554 716 aequilongiS.
589 664 731 715 calyce
770 660 901 703 dense
939 657 1177 700 tomeutoso
1202 653 1245 707 (3
1275 653 1346 694 lin.
1372 651 1470 693 circ.
1497 650 1636 702 longo)
1664 650 1755 692 fere
1782 650 1834 693 ad
1855 651 1982 695 basin

292 722 332 763 in
378 715 549 764 lacinias
595 718 848 763 lanceolatas
891 716 1064 770 partito,
1114 713 1274 754 corolla
1310 711 1426 753 flava
1472 708 1699 758 mediocri,
1746 709 1980 754 filamentis

294 778 336 834 (e
352 780 479 835 sicco)
493 778 808 834 griseo-lanatis
826 775 1016 818 antheris
1035 772 1275 825 longiorum
1296 768 1645 819 decurrentibus,
1664 769 1893 822 capsula...
1910 769 1980 824 Q).

339 846 435 881 Hab.
454 847 493 881 in
511 846 633 880 alveis
651 843 875 879 torrentium
903 842 1001 876 inter
1020 837 1182 874 Kirikan
1205 838 1243 872 et
1262 837 1433 871 montem
1454 833 1708 879 Bingoldagh
1736 833 1778 869 in
1805 835 1981 872 districtu

291 892 421 928 Warto
440 893 631 928 Armeniae
651 890 832 926 australis
850 888 950 924 7000·
971 887 1169 932 copiosum
1189 884 1279 929 (Ky.
1297 883 1409 927 5181).

337 948 458 984 Valde
493 948 649 991 elatum,
685 946 778 982 folia
814 945 993 980 inferiora
1026 941 1221 977 interdum
1265 936 1556 985 sesquipedalia
1591 937 1656 972 4-5
1689 936 1852 991 pollices
1885 937 1980 982 lata,

291 995 433 1031 corolla
453 1005 528 1030 non
547 1005 698 1040 magna.
719 992 846 1029 Facies
876 990 912 1026 V.
928 988 1141 1036 ,qlomerati
1168 990 1205 1022 et
1231 987 1407 1022 affinium
1434 985 1503 1020 sed
1526 984 1702 1020 antherae
1723 984 1827 1020 hmae
1846 984 1981 1021 decur-

291 1046 427 1077 rentes.

350 1144 388 1185 9.
422 1139 480 1181 V.
513 1138 883 1193 lonqifolium
919 1136 1042 1192 (Ten.
1083 1134 1144 1176 Fl.
1187 1133 1291 1186 Nap.
1331 1131 1367 1180 Ι,
1405 1144 1443 1185 p.
1486 1131 1541 1173 89
1577 1131 1661 1173 tab.
1707 1129 1783 1186 21)
1822 1130 1983 1174 bienne

292 1198 516 1243 lutescenti
537 1199 601 1239 vel
627 1197 1091 1243 albido-lomentosum‚
1108 1193 1225 1246 spica
1243 1191 1427 1244 simplici
1454 1190 1518 1231 vel
1547 1189 1742 1232 breviter
1764 1195 1807 1233 et
1828 1190 1977 1233 stricte

292 1259 519 1303 ramulosa,
539 1257 647 1300 foliis
666 1256 940 1299 inferioribus
960 1255 1080 1301 longe
1097 1249 1564 1305 oblongo-lanceolatis,
1581 1249 1763 1293 caulinis
1784 1249 1981 1302 oblongis

292 1317 541 1360 acuminatis
585 1311 1268 1367 subcordato-amplexicaulibus‚
1308 1309 1492 1351 floribus
1537 1308 1799 1351 fasciculatis
1843 1308 1976 1352 dense

291 1375 475 1428 spicatis,
503 1373 723 1428 peslicellis
753 1374 893 1426 calyce
921 1372 1088 1422 Q-ss—plo
1112 1368 1393 1424 longioribuS,
1426 1368 1570 1421 calyce
1594 1370 1837 1411 tomentoso
1866 1365 1977 1423 (tres

290 1433 424 1475 lineas
463 1433 602 1486 longo)
636 1432 686 1473 ad
724 1431 774 1485 3l4
811 1432 852 1473 in
894 1429 1069 1473 lacinias
1116 1429 1370 1471 lanceolatas
1412 1431 1561 1470 acutas
1607 1427 1775 1479 partito,
1815 1427 1976 1471 corolla

289 1483 733 1544 explanato-concava,
774 1491 1004 1533 filamcnlis
1044 1487 1348 1542 superioribus
1374 1485 1695 1529 albido-lanalis
1719 1486 1975 1528 inferiorum

288 1551 478 1592 antheris
514 1551 635 1603 longe
677 1549 1020 1591 decurrentibus.
1069 1547 1244 1601 capsula
1279 1546 1460 1588 ovoidea
1507 1545 1649 1598 calyce
1692 1545 1974 1599 sublongiore

289 1611 476 1650 tomento
512 1606 700 1650 detersili
741 1607 905 1650 obtecta
940 1607 1007 1661 Q).
1076 1607 1115 1648 V.
1150 1616 1398 1660 pannosam
1446 1604 1535 1647 Vis.
1574 1608 1616 1646 et
1650 1605 1779 1656 Pane.
1808 1604 1973 1647 Plantae

289 1664 473 1709 Serbicee
495 1679 582 1710 exs.

333 1730 433 1767 Hah.
455 1733 493 1767 in
512 1732 667 1777 regione
689 1732 921 1777 inferalpina
940 1730 1083 1766 montis
1103 1730 1234 1766 Seardi
1252 1730 1467 1775 (Peristeri)
1485 1740 1607 1777 prope
1624 1729 1768 1765 Bitolia
1788 1730 1829 1765 in
1848 1730 1975 1766 Mace-

288 1776 402 1814 donia
419 1779 644 1816 3500’-4600'
667 1779 824 1823 (Griseb
837 1781 870 1823 l).

332 1833 365 1868 Λ
399 1833 432 1868 V.
460 1832 680 1880 phlomoz'de
710 1833 890 1868 foliorum
924 1832 1152 1868 radicalium
1182 1831 1428 1877 longitudine
1459 1833 1498 1867 et
1529 1832 1696 1868 floribus
1726 1832 1974 1879 longiuscule

285 1879 524 1924 pedicellatis
543 1890 611 1915 nec
628 1880 909 1915 subsessilibus
928 1880 1164 1915 distinctum.

331 1935 389 1970 Ar.
412 1936 540 1981 Geoqr.
567 1935 676 1971 Italia
693 1935 886 1979 australis,
906 1935 1050 1971 Serbia.

632 2049 643 2061 ·
660 2050 672 2061 ·
697 2049 1003 2084 Filamentorum
1021 2048 1114 2084 lana
1134 2060 1329 2096 purpurea
1346 2049 1408 2085 vel
1427 2049 1613 2086 violacea.

348 2148 409 2188 vlO.
442 2147 503 2189 V.
530 2148 980 2203 epixanthinum
1008 2150 1161 2201 (Boiss
1186 2153 1228 2193 et
1248 2151 1399 2194 Heldr.
1424 2152 1575 2205 Diagn.
1601 2151 1694 2194 Ser.
1720 2151 1752 2201 Ι,
1777 2152 1801 2194 7
1828 2165 1871 2206 p.
1901 2153 1973 2204 89)

283 2204 455 2256 bicone,
499 2208 616 2249 caule
656 2208 934 2261 subsimplici,
968 2210 1077 2251 foliis
1115 2212 1304 2252 tomento
1346 2211 1481 2254 denso
1522 2212 1734 2265 adpresso
1776 2222 1969 2265 superne

284 2265 678 2317 aeruginoso-aureo
716 2267 871 2308 subtus
906 2268 1174 2317 cano-griseo
1197 2269 1348 2312 obsitis
1390 2271 1652 2313 radicalibus
1691 2271 1887 2323 oblongis
1926 2273 1969 2314 in

283 2322 486 2373 petiolum
514 2324 687 2367 brevem
715 2327 962 2375 attenuatis,
991 2327 1171 2370 ca'ulinis
1189 2330 1338 2382 paucis
1358 2330 1588 2373 sessilibus
1603 2330 1759 2378 acutis,
1780 2331 1970 2373 bracteis

282 2378 516 2425 linearibus
552 2383 781 2435 pedicellos
812 2386 1097 2438 (conantibus,
1139 2387 1322 2430 floribus
1361 2389 1621 2432 fasciculatis
1656 2389 1975 2434 subsessilibus

282 2436 377 2480 laxe
402 2443 443 2481 et
463 2441 585 2493 longe
610 2443 796 2495 spiratis,
832 2445 972 2497 calyce
1006 2448 1247 2488 tomentoso
1283 2448 1328 2501 (2
1357 2449 1492 2491 lineas
1518 2451 1688 2491 tantum
1713 2449 1859 2504 longo)
1880 2449 1971 2493 lere

284 2496 332 2537 ad
366 2497 485 2541 basin
511 2500 549 2540 in
579 2501 749 2542 lacinias
775 2503 1031 2545 lanceolatas
1056 2508 1203 2547 acutas
1240 2507 1413 2558 partito,
1449 2508 1611 2550 corolla
1653 2508 1744 2550 basi
1782 2508 1973 2551 violaceo

282 2557 504 2600 maculata.
561 2559 786 2602 filamentis
831 2561 1245 2607 violaceo-barbatis.
1287 2566 1529 2619 longiorum
1569 2567 1766 2610 antheris
1806 2567 1976 2611 modice

282 2611 626 2664 decurrentibus,
653 2619 826 2671 capsula
847 2622 973 2662 ovata
995 2624 1236 2666 tonientosa
1259 2628 1513 2668 mucronata
1537 2626 1681 2679 calyce
1698 2626 1829 2669 tertia
1848 2630 1971 2680 parte

282 2669 470 2724 longiore
494 2675 563 2729 Θ.

326 2735 413 2771 Hab
450 2739 487 2773 in
520 2741 674 2784 regione
704 2743 894 2787 superiori
918 2744 1083 2790 Taygeti
1108 2749 1144 2782 et
1160 2749 1306 2783 montis
1328 2748 1472 2785 Olenos
1493 2750 1757 2797 Peloponnesi
1775 2750 1968 2798 (Heldrl),

278 2779 457 2820 Parnassi
476 2786 514 2821 in
534 2789 688 2832 regione
703 2789 874 2824 abletina
892 2794 928 2827 et
942 2792 1074 2838 alpina
1091 2790 1247 2838 (Heldrl
1269 2796 1421 2843 Orphl).

337 2839 378 2892 β,
405 2841 701 2885 Samaritczmti.
727 2870 784 2875 -—
812 2846 1114 2891 indumentum
1142 2853 1316 2896 tenuius
1339 2854 1647 2905 subdeterssse,
1681 2857 1813 2898 flores
1839 2857 1968 2911 paulo

279 2895 726 3008 boggillg'lpedicellafi·
754 2929 802 2934 —
843 2906 876 2947 V.
903 2906 1191 2952 Samaritana
1212 2911 1359 2954 Heldr.
1388 2914 1429 2955 in
1454 2913 1592 2956 Boiss.
1619 2915 1772 2969 Diagn.
1795 2915 1888 2958 Ser.
1912 2915 1969 2969 11,
