2065 3271
61 221 197 260 Celsia.
703 228 1119 256 senopnomnmcnae.
1700 220 1776 258 353

59 304 220 348 reflexa
261 303 324 344 eis
364 300 499 344 multo
537 301 739 345 breviore
778 301 983 350 suffultis,
1019 302 1162 355 calyce
1199 301 1497 355 glabriusculo
1534 301 1580 357 (Ξ
1606 301 1654 355 ¹s2
1697 304 1767 345 lin.

59 362 205 416 longo)
233 363 287 405 ad
310 360 362 414 ΒΑ
387 360 430 403 in
457 361 632 404 lacinias
660 362 872 416 ellipticas
899 365 1048 404 acutas
1075 360 1248 414 partito,
1274 361 1436 403 corolla
1459 361 1608 414 glabra
1637 363 1764 413 flava,

60 421 293 464 filamentis
330 419 750 469 violaceo-barbatis,
794 421 972 476 posticis
1014 420 1152 473 longis
1190 431 1382 474 superne
1420 421 1548 463 nudis
1575 420 1770 465 antlieris

58 481 183 533 longe
206 479 391 527 adnatis,
415 479 593 534 capsula
621 479 770 534 glabra
794 480 1059 533 subglobosa
1078 478 1221 533 calyce
1248 478 1464 534 subtriplo
1487 479 1679 534 longiore
1709 487 1769 528 26.

58 539 98 582 C.
124 538 344 581 Arcturus
368 538 504 580 Murr.
524 536 633 595 Syst.
651 551 693 593 p.
712 540 810 581 469.
839 563 894 569 —
916 538 1010 580 Bot.
1031 538 1136 592 Mag.
1161 538 1388 580 tau-1962.
1407 562 1457 568 ——
1475 538 1604 581 Jaub.
1625 544 1667 583 et
1693 540 1769 595 Sp.

60 598 124 642 Ill.
153 598 235 641 tab.
265 599 363 640 406.
389 621 446 629 —
473 599 517 640 C.
545 597 785 640 sublanata
810 597 930 652 Jacq.
960 597 1126 652 Fragm.
1156 598 1221 647 79,
1250 597 1335 638 tab.
1375 598 1464 639 126.

106 672 205 709 Hah.
225 672 276 708 ad
296 683 412 719 rupes
431 675 469 708 et
487 682 622 708 muros
642 673 813 718 regionis
840 672 1039 709 inferioris
1066 676 1101 709 et
1129 671 1283 708 collinae
1303 671 1427 707 Cretae
1447 672 1617 716 (Tournl
1637 674 1749 710 Sibtli
1766 678 1772 710 l

57 719 162 756 Sieb!
182 719 306 756 Raull
326 719 451 755 Heldr
465 717 514 765 3).'
530 720 588 756 Fl.
610 720 736 764 Mart„
755 722 846 767 Apr.

119 824 157 865 7.
192 823 247 867 C.
285 822 554 866 Daenzeri
594 822 723 877 (Bor.
759 827 802 864 et
835 822 997 866 Chaub.
1040 822 1099 864 Fl.
1143 822 1291 876 Pelop.
1340 821 1394 863 N⁰
1435 821 1539 877 980)
1582 823 1773 876 biennis,

56 882 222 926 inferne
268 894 396 936 parce
441 882 625 936 pilosula
666 894 861 935 superne
898 892 1026 937 parce
1066 881 1338 935 glandulosa.
1377 883 1497 924 caule
1534 882 1682 935 gracili
1726 885 1768 925 in

56 954 274 986 racemum
303 941 449 983 laxum
470 941 711 995 simplicem
742 942 809 983 vel
835 954 959 994 parce
989 942 1261 984 ramulosum
1295 942 1541 994 elongatum
1567 941 1768 992 abeunte,

55 1001 167 1045 foliis
206 1000 468 1048 radicalibus
511 1001 717 1043 rosulatis
758 1001 971 1054 petiolatis
1015 1000 1177 1044 ambitu
1228 999 1686 1053 oblongo-lanceolatis
1725 1002 1765 1043 in

55 1064 273 1114 segmenta
311 1060 750 1112 oblongo-lanceolata
790 1060 969 1105 dentata
1005 1060 1057 1102 ab
1102 1059 1383 1103 inferioribus
1418 1060 1470 1102 ad
1509 1072 1766 1113 supremum

57 1124 180 1163 aucta
225 1119 525 1172 pinnatisectis
571 1119 636 1161 vel
687 1119 848 1172 saepius
894 1120 1045 1173 lyratis
1090 1123 1313 1172 segmento
1358 1119 1576 1161 terminali
1624 1124 1767 1162 ovato-

57 1178 239 1231 oblongo
265 1180 427 1233 maJore
452 1178 609 1229 lobato,
639 1179 750 1220 soliis
778 1179 962 1221 caulinis
986 1179 1168 1221 alternis
1195 1178 1342 1232 paucis
1368 1178 1598 1221 sessilibus
1633 1179 1767 1221 trian-

55 1239 469 1293 gulari-lanceolatis
498 1237 860 1281 inciso—dentatis.
886 1238 1109 1293 pedicellis
1135 1237 1340 1280 solitariis
1366 1238 1642 1281 filiformibus
1668 1240 1769 1281 sub-

55 1297 217 1353 patulis
245 1297 387 1351 calycea
417 1297 584 1350 pluries
615 1297 886 1350 longioribus
915 1297 1152 1339 fructiferis
1180 1297 1251 1338 vix
1278 1297 1547 1343 incrassatis,
1582 1296 1771 1340 bracteis

56 1356 329 1399 brevissimis
356 1357 606 1400 lanceolatis
634 1360 676 1399 et
706 1356 944 1398 linearibus
968 1356 1254 1399 inferioribus
1280 1356 1372 1398 basi
1394 1356 1598 1403 dentatis,
1625 1358 1769 1411 calyce

55 1415 386 1472 (sesquilineam
431 1415 575 1470 longo)
613 1416 654 1457 in
702 1417 878 1458 lacinias
919 1416 1125 1468 oblongas
1168 1417 1362 1469 margine
1402 1416 1769 1468 subglandulosas

56 1476 228 1529 partito,
250 1475 409 1517 corolla
436 1475 549 1517 flava
572 1476 740 1528 glabra,
781 1475 1016 1518 filameniis
1046 1475 1461 1525 violaceo-barbatis,
1498 1475 1767 1529 longioribus

54 1536 172 1589 apice
204 1535 332 1577 nudis
371 1534 567 1577 antheris
607 1535 959 1584 decurrentibus,
995 1535 1175 1588 capsula
1212 1535 1362 1588 glabra
1397 1535 1574 1588 globosa
1611 1536 1767 1580 obtusa

52 1597 307 1636 mucronata
332 1594 475 1648 calyce
500 1593 719 1649 subduplo
743 1594 936 1647 longiore
966 1594 1037 1649 fi).

98 1667 196 1703 Hab.
230 1669 270 1703 in
302 1668 460 1714 regione
492 1671 682 1704 montana
710 1668 982 1715 Peloponnesi,
1009 1668 1201 1704 Messenia
1232 1668 1281 1704 ad
1307 1669 1551 1716 Phygaleam
1573 1668 1762 1713 (Daenzl),

50 1715 201 1751 radices
235 1716 402 1761 Taygeti
429 1726 546 1763 supra
571 1716 708 1752 Mistra
734 1716 905 1760 (Boissl)
933 1720 970 1752 et
1001 1717 1194 1762 Anavryti
1213 1716 1402 1762 [Heldr!),
1435 1718 1588 1752 montes
1606 1715 1765 1752 Malevo

52 1765 88 1798 et
106 1762 275 1808 Kyllene
295 1763 420 1810 (Orph
434 1765 469 1808 l).

96 1827 235 1863 Planta
270 1829 569 1876 1¹s2-3-pedalis,
599 1829 694 1865 folia
723 1829 788 1865 3-5
807 1829 967 1876 pollices
1002 1830 1132 1874 longa,
1177 1829 1357 1877 pedicelli
1391 1830 1504 1867 1245
1536 1830 1604 1866 lin.
1641 1829 1763 1876 longi.

49 1875 195 1911 corolla
213 1876 406 1912 diametro
425 1876 635 1924 pollicaris,
655 1877 817 1924 capsula
840 1878 925 1924 piso
944 1878 1012 1913 vix
1031 1878 1170 1914 minor.

108 1980 148 2020 8.
189 1977 240 2020 C.
282 1978 556 2031 speciosa
593 1977 739 2032 (Fenzl
777 1978 821 2020 in
855 1977 1140 2021 Friedricstli.
1184 1977 1311 2019 Reise
1350 1991 1388 2032 p.
1426 1974 1531 2032 QSO)
1572 1976 1762 2025 biennis,

49 2037 170 2080 caule
193 2037 689 2091 glanduloso-puberulo
718 2037 809 2081 basi
852 2049 977 2091 parce
1017 2050 1188 2080 ramoso
1216 2038 1369 2081 crebre
1395 2038 1547 2079 folioso
1581 2037 1621 2078 in
1647 2048 1765 2078 race-

50 2108 166 2139 mum
189 2097 364 2150 longum
390 2097 630 2149 simplicem
660 2097 862 2139 foliosum
897 2096 1099 2140 abeunte.
1135 2097 1247 2139 foliis
1285 2096 1593 2150 glabriusculis
1628 2097 1761 2138 trian-

49 2155 351 2209 gulari-ovatis
390 2157 528 2199 acutis
563 2161 747 2209 anguste
789 2156 1144 2199 lobato-dentatis
1173 2160 1215 2199 et
1251 2157 1435 2199 serratis
1481 2156 1764 2197 inferioribus

49 2214 243 2257 breviter
269 2215 496 2269 petiolatis‚
525 2215 750 2258 floralibus
779 2217 943 2257 sensim
969 2216 1195 2258 diminutis
1215 2216 1446 2258 sessilibus
1466 2215 1759 2269 amplexicau-

50 2273 162 2316 libus
201 2274 468 2328 cuspidatiS.
508 2275 729 2328 pedicellis
772 2275 1052 2317 filit'ormibus
1090 2275 1423 2329 erecto-patulis
1461 2274 1560 2316 folio
1595 2274 1763 2316 axillari

50 2333 182 2388 duplo
224 2334 510 2386 longioribus.
550 2335 694 2387 calyce
734 2334 929 2377 breviter
969 2334 1224 2388 glanduloso
1270 2335 1315 2376 in
1364 2333 1541 2376 lacinias
1580 2338 1763 2387 anguste

48 2391 307 2436 lanceolatas
336 2394 733 2447 patenti-recurvas
756 2393 923 2436 inferne
944 2395 1015 2436 1-:2
1042 2392 1239 2436 dentatas
1266 2394 1438 2447 partit-o,
1458 2393 1618 2435 corolla
1646 2393 1761 2436 flava

48 2451 215 2504 glabra,
244 2452 474 2494 filamentis
503 2453 910 2496 violaceo-barbatis
952 2451 1219 2506 longioribus
1247 2453 1366 2506 apice
1403 2452 1532 2494 nudis
1566 2452 1763 2494 antheris

50 2511 406 2558 decurrentibus,
433 2513 674 2565 capsula...
709 2512 777 2567 Θ.

96 2586 192 2621 Hab.
214 2587 252 2621 in
274 2587 439 2622 Arcadia
459 2587 559 2622 circii
578 2588 829 2623 Caritlienau]
850 2588 1014 2633 (Frider.
1045 2590 1083 2624 in
1111 2589 1220 2625 herl).
1244 2589 1416 2624 Vindob!
1450 2588 1490 2623 In
1518 2588 1652 2624 eadem
1680 2587 1763 2634 pla·

48 2633 141 2679 gula
159 2634 356 2681 specimen
375 2634 543 2670 alterum
563 2645 610 2670 ex
632 2634 765 2671 Insula
787 2636 933 2671 'rassos
950 2641 1008 2671 est
1040 2635 1141 2673 l'erb.
1162 2636 1402 2681 Blattare'a).

98 2698 308 2744 Bipedalis,
338 2709 515 2735 racemus
542 2700 698 2736 tandein
722 2701 1010 2747 sesquipedalis
1035 2703 1098 2737 axi
1124 2703 1243 2740 tenui,
1267 2701 1482 2749 pedunculi
1509 2701 1763 2747 sesquipolli-

50 2755 169 2787 cares,
199 2746 346 2781 corolla
377 2757 396 2782 e
427 2747 528 2782 sicco
559 2748 831 2793 magnitudine
864 2747 899 2782 V.
929 2748 1153 2785 Βῖαιιανῖω.
1190 2749 1328 2784 Affinis
1359 2748 1396 2785 C.
1418 2748 1606 2784 Damaeri
1636 2748 1764 2784 dill'ert

50 2792 152 2845 soliis
169 2793 362 2876 imprisis,
381 2794 546 2830 bracteis
566 2795 879 2841 triangularibus
908 2807 976 2832 nec
1003 2796 1474 2837 lanc-eolato-linearibus,
1504 2796 1648 2841 calycis
1672 2796 1763 2831 laci-

50 2850 203 2876 marum
239 2852 359 2876 orma.

107 2931 145 2973 9.
182 2930 234 2973 C.
270 2930 558 2974 Boissieri
594 2932 762 2986 (Heldr.
788 2938 827 2975 ct
856 2933 965 2975 Sart.
997 2934 1116 2986 Mss.)
1143 2936 1366 2989 perennis,
1392 2933 1540 2988 glabra
1571 2948 1762 2989 superne

47 3002 174 3043 parce
198 2990 469 3043 glandulosa‚
496 2991 734 3034 rliizomate
762 3005 910 3034 crasso
945 2994 1137 3047 vestigiis
1172 2995 1430 3047 pelioloruin
1463 2995 1618 3037 vestito
1647 3007 1764 3049 ssepe
