2080 3241
167 190 363 230 Primula.
875 201 1158 228 PRIMULACEAE.
1817 196 1862 231 27

165 274 307 318 radice
332 273 504 328 obliqua
529 272 735 325 fibritera‚
757 273 872 316 foliis
896 274 1051 328 amplis
1070 274 1251 317 laevibus
1270 274 1407 317 ovatis
1427 276 1494 317 vel
1514 277 1861 329 ovato-oblongis

167 333 258 377 basi
279 332 526 376 rotundatis
549 332 619 374 vel
639 332 835 375 breviter
854 333 1041 375 cordatis
1067 333 1237 388 petiolis
1266 333 1604 388 stibaequiloiigis
1631 336 1863 389 papilloso-

165 392 293 435 hirtis
322 388 514 435 suffultis
541 391 818 434 circumcirca
853 392 1160 434 remotiuscule
1195 393 1468 435 denticulatis
1502 394 1729 436 denticulis
1766 394 1861 436 latis

166 450 480 494 mucronulatis
509 462 644 504 supra
667 450 830 504 glabris
854 450 1010 493 subtus
1034 451 1087 493 ad
1114 463 1273 494 nervos
1301 454 1342 492 et
1370 452 1605 505 marginem
1631 453 1861 507 pupilloso-

165 510 306 563 hirtis,
329 509 468 564 scapis
492 508 602 552 soliis
625 509 880 564 aequilongis
904 510 972 552 vel
991 510 1282 560 brevioribus,
1308 511 1531 553 verticillis
1558 512 1862 553 terminalibus

171 569 241 611 1-2
282 568 607 624 approximatis.
642 568 854 611 involucri
889 569 1051 623 phyllis
1079 582 1101 611 a
1131 569 1220 611 basi
1255 572 1436 622 anguste
1469 571 1699 613 lanceolata
1738 572 1859 623 longe

166 627 646 670 salmam-acuminatis
670 627 903 681 pedicellos
931 628 1063 682 calyci
1090 629 1354 682 aequilongos
1387 629 1455 670 vel
1483 628 1613 683 duplo
1643 631 1858 683 longiores

166 699 249 730 :non
275 687 563 742 {efflantibus
589 688 732 741 calyce
764 687 912 740 glabro
940 691 1122 741 anguste
1153 687 1355 730 tubuloso
1394 687 1446 729 ad
1484 690 1653 730 tertiam
1693 693 1857 742 partem

166 746 211 788 in
244 746 396 789 dentes
425 745 684 788 lanceolatos
709 748 856 788 acutos
884 746 1003 798 fisso,
1024 745 1193 788 corollce
1218 758 1355 788 roseae
1380 747 1482 788 tubo
1510 748 1650 801 calyce
1683 748 1859 789 sublon-

163 805 297 858 giore‚
315 805 433 848 limbi
456 805 558 848 tubo
579 805 652 847 vix
672 804 888 847 brevioris
907 804 1076 847 laciniis
1094 804 1176 847 late
1200 805 1458 857 obem-datis7
1475 807 1649 859 capsula
1679 807 1858 859 oblonga

165 863 307 918 calyce
331 865 403 906 vix
428 865 635 918 longiore,
650 863 890 908 seminibus
912 864 1360 918 sphaerico-angulatis
1385 865 1506 907 oculo
1529 870 1692 908 armato
1714 866 1860 908 tuber-

164 922 317 966 culatis
350 929 408 972 26.

165 1005 317 1088 FthaEIQ
345 1006 384 1041 in
417 1006 596 1042 faucibus
626 1006 800 1042 humidis
832 1006 1031 1042 umbrosis
1058 1006 1157 1042 circa
1184 1006 1302 1042 Rliize
1329 1007 1444 1043 Ponti
1473 1007 1600 1042 Lazici
1623 1007 1702 1042 900·
1731 1007 1859 1052 (Hali)

216 1081 222 1088 .
264 1064 334 1089 'ab

213 1125 327 1173 Scapi
345 1126 812 1174 semipedales‚folior11ni
825 1126 974 1162 lamina
992 1126 1056 1163 3-5
1075 1126 1235 1173 pollices
1253 1126 1372 1172 longa
1390 1126 1452 1161 2-4
1472 1127 1561 1164 lata.
1581 1127 1695 1171 calyx
1715 1137 1859 1171 :ingus-

166 1174 228 1209 tus
258 1177 294 1209 et
319 1174 466 1210 corolla
493 1184 624 1220 magn.
649 1173 694 1211 P.
724 1185 902 1219 amcenoe,
921 1173 1080 1221 capsula
1109 1173 1281 1219 oblonga
1310 1173 1522 1219 cylindrica
1546 1175 1566 1208 7
1595 1174 1716 1209 lineas
1744 1174 1859 1218 longa

165 1219 329 1257 lacinias
346 1221 492 1267 calycis
508 1222 577 1257 vix
595 1231 796 1268 superans.
819 1221 974 1268 Species
993 1221 1178 1257 foliorum
1201 1221 1321 1256 forma
1338 1222 1516 1267 insignis.

225 1353 292 1396 1⁴2.
325 1351 669 1408 P.·qrandis
696 1352 1100 1408 l[Tra11tv.Pl.Nov.
1128 1367 1169 1408 p.
1195 1354 1218 1394 5
1246 1354 1289 1394 in
1309 1352 1420 1395 Bull.
1439 1353 1569 1395 Acad.
1588 1353 1701 1395 Pctr.
1729 1358 1756 1395 t.
1785 1352 1858 1406 Vt)

162 1411 413 1465 radice...,
448 1413 562 1455 soliis
599 1412 756 1467 amplis
791 1413 975 1456 laevibus
1016 1412 1187 1466 petiolis
1223 1413 1383 1454 lamina
1422 1413 1553 1466 duplo
1592 1412 1859 1464 longioribus

163 1471 355 1515 suffultis
383 1471 723 1515 membranaceis
753 1472 972 1525 rugulosis
1004 1471 1142 1514 ovatis
1176 1471 1268 1513 basi
1295 1471 1553 1514 subcordata
1582 1471 1623 1512 in
1653 1472 1856 1524 petiolum

161 1530 355 1575 breviter
392 1530 728 1574 decurrentibus
762 1531 1068 1585 irregulariter
1100 1530 1614 1584 duplicato-denticulatis
1654 1530 1858 1584 utrinque

161 1590 377 1634 viridibus
412 1590 567 1633 subtus
607 1590 864 1633 tenuissime
897 1590 1425 1644 pulveraceo-puberulis,
1452 1589 1638 1632 umbella
1672 1590 1856 1630 maximi}

161 1649 400 1693 multiflora
423 1662 550 1704 scapo
571 1649 683 1692 foliis
707 1649 899 1703 longiore
925 1649 1119 1699 suffulta,
1143 1648 1357 1691 involucri
1377 1648 1535 1703 phyllis
1557 1648 1750 1690 breviter
1768 1648 1858 1688 lan-

161 1708 587 1752 ceolato-linearibus
628 1708 718 1752 basi
756 1721 841 1751 non
883 1708 1243 1764 appendiculatis,
1270 1707 1490 1761 pedicellis
1519 1707 1654 1760 longis
1691 1706 1859 1748 involu-

162 1779 285 1810 crum
308 1771 350 1810 et
373 1768 504 1811 flores
532 1767 752 1810 multoties
781 1767 1109 1821 superantibus?
1128 1767 1270 1820 calyce
1298 1767 1597 1821 campanulato
1622 1765 1750 1807 viridi
1778 1765 1858 1806 sub

161 1826 276 1869 lente
299 1827 509 1881 pruinoso
533 1827 586 1870 ad
609 1827 781 1869 tertiam
803 1830 970 1881 partem
999 1827 1041 1869 in
1068 1825 1188 1869 lobos
1216 1829 1366 1868 ovatos
1390 1825 1681 1868 acutiusculos
1706 1824 1858 1874 diviso,

162 1886 331 1929 corollae
356 1898 493 1929 rosere
519 1886 623 1929 tubo
647 1886 835 1940 calycem
859 1888 1058 1940 aequante
1083 1885 1202 1927 limbi
1227 1885 1391 1927 laciniis
1418 1884 1574 1927 erectis
1601 1884 1703 1926 tubo
1727 1883 1858 1937 {equi-

160 1945 299 1999 longis
314 1945 760 1999 oblongo-linearibus
776 1945 945 1988 obtusis
957 1945 1121 1988 minute
1141 1944 1303 1987 retusis
1322 1944 1506 1986 sinubus
1521 1944 1618 1986 latis
1634 1942 1855 1997 sejunctis.

163 2006 273 2059 stylo
296 2005 421 2058 longe
448 2008 634 2056 exserto,
659 2004 849 2059 capsulis
872 2005 1012 2047 ovatis
1040 2004 1181 2058 calyce
1211 2005 1285 2046 vix
1308 2002 1591 2056 longioribus,
1615 2000 1855 2044 seminibus

161 2064 377 2118 angulatis
402 2064 484 2107 sub
512 2064 627 2106 lente
651 2065 816 2106 minute
840 2063 1126 2107 tuberculatis
1160 2069 1218 2111 26.

208 2145 311 2182 Hal).
339 2147 379 2182 in
405 2146 606 2183 montibus
639 2146 839 2182 Dadiasch
871 2146 1192 2182 Transcaucasiae
1217 2145 1467 2182 occidentalis
1491 2143 1635 2180 6-9500·
1658 2142 1853 2187 (Ra-tldell.

162 2193 222 2237 (V.
241 2204 298 2240 sp.
318 2194 502 2241 incompl.
521 2195 561 2230 in
581 2194 688 2230 herb.
708 2195 892 2241 Petrop!).

207 2265 309 2302 Folii
327 2266 475 2303 lamina
491 2267 512 2302 4
532 2267 624 2314 poll.
644 2266 763 2313 longa
780 2266 804 2303 3
822 2266 917 2304 lata,
945 2276 1087 2313 scapus
1105 2266 1182 2302 fere
1204 2265 1368 2312 pedalis,
1397 2264 1575 2312 pellicelli
1595 2263 1855 2310 bipollicsires.

163 2313 279 2359 calyx
309 2314 455 2350 florifer
483 2315 551 2349 vix
579 2317 657 2350 tres
690 2313 816 2350 lineas
848 2314 1005 2360 longus.
1044 2313 1198 2360 Species
1231 2313 1389 2360 pulchra
1427 2312 1589 2347 ulterius
1625 2310 1854 2357 inquirenda

162 2361 341 2407 angustie
357 2361 590 2397 laciniarum
610 2361 766 2397 corollae
785 2362 964 2408 insignis.

226 2494 290 2536 13.
323 2493 379 2537 P.
414 2494 637 2538 nivalis
660 2494 788 2550 (pall.
814 2495 864 2538 It.
889 2495 964 2547 ΙΙΙ,
992 2507 1031 2549 p.
1062 2495 1146 2536 320
1177 2518 1230 2524 —
1259 2495 1369 2548 App.
1397 2492 1453 2535 ΝΟ
1475 2493 1545 2543 Sl,
1571 2492 1653 2533 tab.
1683 2490 1857 2544 6sif01iis

162 2551 302 2607 planis
328 2554 521 2608 oblongis
546 2555 755 2608 elongatis
776 2559 929 2608 argute
947 2555 1015 2597 vel
1035 2554 1330 2596 obtusiuscule
1349 2551 1662 2595 multicrenatis
1685 2549 1854 2592 obtusis

165 2611 227 2655 vel
256 2613 539 2656 acutiusculis
561 2613 723 2667 glabris
749 2614 793 2655 in
822 2613 1027 2667 petiolum
1064 2613 1196 2656 latum
1230 2613 1403 2654 brevem
1434 2609 1732 2652 indistinctum
1761 2620 1858 2650 sen-

161 2670 242 2713 sim
281 2673 531 2724 attenuatis,
557 2684 685 2727 scapo
723 2684 871 2716 crasso
912 2672 1009 2715 folia
1043 2674 1240 2726 aequante
1282 2671 1347 2712 vel
1386 2672 1637 2723 superante,
1670 2666 1855 2711 umbella

161 2730 399 2773 multiflora
445 2731 686 2785 (interdum
717 2732 830 2774 binis
859 2731 1187 2786 superpositis),
1225 2729 1435 2772 involucri
1474 2728 1630 2781 phyllis
1663 2726 1856 2778 oblongis

163 2789 232 2831 vel
250 2790 499 2833 lanceolatis
518 2791 686 2834 obtusis
707 2791 776 2834 vel
796 2791 1051 2834 acuminatis
1068 2791 1160 2832 basi
1179 2788 1447 2837 coadunatis,
1474 2786 1693 2840 pedicellis
1715 2785 1855 2838 calyce

164 2848 325 2902 saepius
358 2849 651 2900 brevioribus,
678 2850 835 2905 calycis
871 2851 1037 2893 minute
1076 2848 1278 2904 puberuli
1313 2846 1483 2890 corollae
1510 2845 1615 2888 tubo
1643 2843 1857 2887 brevioris

161 2906 217 2948 ad
249 2907 306 2963 ³li
345 2909 492 2964 partiti
522 2909 688 2952 laciniis
717 2908 1140 2952 lineari-lanceolatis
1175 2907 1337 2956 acutis,
1366 2905 1536 2948 corollae
1564 2903 1857 2958 hypocrateri-

163 2968 357 3021 morpliae
394 2980 629 3022 purpureae
669 2969 737 3012 vel
777 2968 885 3011 albae
922 2968 1033 3011 lobis
1072 2967 1266 3011 obovatis
1304 2965 1407 3008 tubo
1446 2965 1516 3006 vix
1557 2961 1856 3009 brevioribuS,
