2065 3271
84 243 267 282 Linaria.
749 247 1160 277 SCROPHULARIACEAE.
1727 246 1802 283 373

139 327 182 381 β.
217 323 426 374 latifolia.
465 347 522 354 —
549 321 667 365 Folia
706 320 873 363 latiora.
912 344 968 351 —
994 321 1038 364 L.
1083 321 1390 365 Biebersteinies
1431 325 1590 368 Besser
1624 326 1797 379 Enum„

86 398 123 441 p.
149 388 221 429 25.
250 409 306 415 —
331 382 469 426 Rchb.
499 381 555 424 lc.
582 379 685 422 Crit.
712 380 799 422 tab.
832 381 931 422 434.

128 461 229 498 Hah.
251 461 292 498 in
311 460 491 496 Caucaso
511 466 632 504 prope
651 454 745 491 Lars
765 455 954 501 (Rehml).

128 527 190 563 Δι’.
217 525 354 571 Geoqr.
382 523 541 569 Europa
566 519 738 556 borealis
767 522 806 555 et
834 520 964 556 media
990 531 1013 556 a
1041 520 1306 575 Scandinayia
1336 522 1383 558 ad
1416 523 1598 560 Rossiam
1628 526 1799 563 mediam

79 576 117 610 et
135 572 268 610 Gallia
285 575 322 608 et
338 571 451 608 Italia
471 570 521 605 ad
543 567 726 605 Rossiam
747 567 1058 613 meridionalem,
1075 568 1282 615 Songaria.

140 681 208 723 23.
241 679 295 724 L.
330 687 649 722 macroura
683 675 810 732 (ΜΒ.
835 675 964 719 Taur.
991 676 1116 720 Cauc.
1148 677 1200 728 11,
1233 691 1269 732 p.
1294 681 1347 721 75
1382 680 1464 722 sub
1499 680 1798 738 Antz'rrlee'no)

81 740 245 796 glabra,
267 738 467 782 caulibus
493 736 651 778 erectis
676 736 744 778 vel
768 735 1107 779 ascendentibus
1133 738 1285 780 crebre
1321 738 1487 781 foliosis
1525 740 1797 794 simplicibus

84 801 153 844 vel
177 810 306 854 parce
345 801 387 840 et
427 795 621 839 breviter
656 794 854 843 ramosis,
882 794 993 839 soliis
1019 796 1162 850 planis
1197 802 1379 849 anguste
1410 798 1648 842 linearibus
1677 801 1795 842 elon-

86 859 210 913 gatis,
238 868 408 900 racemo
437 856 574 898 denso
611 853 735 897 brevi
765 853 1002 907 paucissoro
1038 856 1212 898 tandem
1251 856 1464 909 elongato,
1491 858 1678 900 bracteis
1709 860 1798 901 lau-

82 915 525 964 ceolato-linearibus,
552 913 735 956 floribus
763 913 928 966 magnis
955 914 1147 958 breviter
1172 915 1403 968 petiolatis‚
1427 917 1586 970 calycis
1612 918 1794 971 glandu-

84 975 354 1022 loso-birsuti
403 973 570 1016 laciniis
615 972 807 1015 tenuiter
848 971 1133 1026 plui-inerviis
1179 979 1304 1017 ovato
1323 975 1551 1031 -oblongis
1600 977 1798 1028 obtusis,

81 1035 249 1080 corollae
273 1034 427 1089 amplae
454 1033 578 1076 ssavae
600 1032 741 1087 palato
774 1030 971 1084 barbato,
999 1032 1164 1076 calcare
1193 1038 1309 1076 recto
1349 1039 1473 1078 acuto
1504 1037 1666 1078 corolla
1706 1037 1797 1079 lon·

81 1095 211 1149 glore,
243 1094 421 1148 capsula
446 1093 574 1135 ovata
602 1092 746 1145 calyce
772 1089 1070 1144 sublongiore,
1108 1092 1351 1136 seminibus
1378 1094 1560 1137 laevibus
1601 1096 1797 1149 margine

82 1153 422 1197 membranaceis
448 1157 509 1200 26.
536 1149 586 1192 L.
611 1161 850 1192 macroura
868 1148 996 1192 Cbav.
1020 1151 1131 1194 Mon.
1151 1151 1207 1193 Ic.
1225 1175 1274 1182 —-
1290 1152 1395 1195 ΜΒ.
1414 1152 1530 1197 Cent.
1551 1155 1638 1198 tab.
1660 1156 1797 1197 27.—

86 1212 219 1256 Rchb.
244 1211 299 1254 Ic.
328 1211 432 1255 Crit.
463 1209 548 1253 lab.
580 1210 679 1253 432.
705 1233 764 1239 —
784 1207 832 1251 L.
860 1210 1078 1262 rupestris
1103 1209 1147 1253 C.
1170 1211 1221 1254 A.
1250 1211 1303 1254 M.
1332 1212 1483 1255 Enum.
1514 1227 1553 1268 p.
1583 1213 1602 1255 ‘l
1622 1215 1696 1256 lOl

130 1287 229 1323 Hab.
246 1288 285 1323 in
305 1285 592 1334 campestribus
607 1284 763 1321 Tauriae
779 1284 913 1326 (MR.
931 1284 1024 1321 Stev
1036 1286 1073 1330 l),
1091 1285 1256 1323 Caucasi
1274 1298 1313 1323 se
1346 1288 1593 1325 tentrionalis
1609 1288 1798 1335 (Leaen),

85 1334 247 1371 Ossetiae
267 1335 309 1370 in
326 1334 435 1370 fauce
454 1332 588 1369 Darial
608 1332 714 1377 (CA.
739 1332 772 1366 M
786 1333 812 1377 l)
829 1336 867 1368 et
885 1332 993 1368 distr.
1012 1332 1152 1380 Alagir
1164 1334 1269 1371 3000'
1289 1337 1304 1380 (
1344 1346 1416 1382 upr
1429 1338 1454 1381 l)

130 1397 240 1435 Facie
259 1397 401 1434 similis
422 1396 467 1434 L.
487 1396 658 1444 vulya²·i‚
689 1395 787 1432 folia
808 1395 986 1443 longiora
1010 1400 1047 1434 et
1065 1400 1305 1445 angustiora,
1332 1400 1447 1437 flores
1473 1402 1655 1448 majores,
1671 1402 1798 1439 calcar

81 1446 284 1482 manifeste
303 1445 472 1491 longius,
491 1444 606 1491 calyx
625 1444 762 1481 hirtus.
783 1443 832 1480 L.
855 1445 1047 1492 rupestris
1058 1445 1149 1482 C.A.
1165 1447 1215 1482 M.
1232 1457 1280 1483 ex
1294 1449 1509 1495 specimine
1525 1449 1642 1485 valde
1660 1460 1799 1487 manco

82 1495 165 1540 ejus
185 1493 356 1530 herbarii
375 1492 476 1528 nihil
496 1494 555 1529 est
569 1492 647 1528 nisi
667 1491 793 1528 torma
811 1491 955 1528 diffusa
971 1494 1243 1530 ramosissima
1262 1495 1439 1541 eJusdem
1455 1497 1609 1543 speciei.

141 1610 212 1651 24.
243 1608 299 1652 L.
327 1606 512 1652 odora
532 1606 657 1664 (ΜΒ.
684 1606 811 1652 Taur.
840 1607 952 1652 Cauc
976 1609 1045 1660 .II‚
1073 1623 1112 1665 p.
1140 1611 1214 1666 76)
1237 1612 1386 1666 glabra
1410 1614 1574 1666 glauca,
1599 1615 1796 1659 caulibus

83 1668 319 1723 gracilibus
357 1669 515 1712 erectis
552 1680 574 1710 a
610 1667 702 1712 basi
740 1668 1038 1712 strictiuscule
1077 1671 1274 1722 ramosis,
1316 1671 1427 1714 foliis
1473 1674 1798 1719 remotiusculis

85 1727 474 1771 lineari-subulatis
498 1726 828 1772 semiteretibus
862 1727 1258 1779 subcanaliculatis,
1295 1730 1479 1774 floribus
1517 1734 1666 1787 paucis
1704 1734 1798 1777 laxe

82 1791 124 1831 et
159 1786 352 1831 breviter
385 1787 622 1830 racemosis
650 1786 844 1831 breviter
882 1787 1166 1842 pedicellatis‚
1203 1790 1360 1843 calycis
1400 1793 1520 1845 parvi
1555 1793 1692 1846 glabri
1730 1795 1795 1836 vel

83 1846 230 1889 hirtuli
258 1845 423 1890 laciniis
447 1846 728 1889 subenerviis
752 1846 954 1901 ellipticis
973 1848 1303 1900 obtusiusculis,
1323 1851 1485 1893 corolla
1512 1852 1629 1894 lutea
1655 1852 1794 1907 palato

81 1905 272 1955 barbato,
289 1905 454 1949 calcare
480 1909 595 1949 recto
616 1907 682 1948 vel
703 1905 972 1950 subincurvo
991 1906 1152 1949 corolla
1172 1907 1388 1954 breviore.
1405 1911 1586 1964 capsula
1604 1912 1794 1964 globosa,

83 1964 322 2008 seminibus
351 1965 434 2008 late
458 1965 711 2018 marginatis
738 1971 798 2013 26.
817 1964 930 2007 —L.
956 1965 1094 2009 odora
1118 1965 1247 2009 Cliav.
1273 1968 1382 2011 Mon.
1401 1968 1454 2011 Ic.
1475 1994 1531 1999 —-
1548 1969 1682 2014 Rclib.
1707 1971 1793 2013 tab.

83 2023 149 2066 64.
181 2047 234 2054 —
256 2023 304 2067 L.
345 2021 515 2066 Laeselic'
548 2023 787 2078 Scliweigg.
821 2049 875 2056 -—
901 2024 952 2067 L.
983 2024 1142 2080 jzmcea
1177 2026 1311 2070 Rchb.
1349 2029 1406 2082 pl.
1448 2028 1550 2072 Crit.
1587 2030 1674 2072 tab.
1712 2031 1794 2072 425

83 2095 168 2126 non
196 2096 273 2127 uc.
302 2107 351 2114 —
383 2083 430 2126 L.
459 2095 621 2126 venosa
642 2083 783 2127 Lindl.
810 2084 898 2127 bot.
929 2083 1036 2139 Reg.
1079 2086 1182 2128 ¹841
1221 2085 1334 2130 Misc.
1377 2101 1414 2142 p.
1447 2089 1522 2130 70.
1567 2113 1620 2118 —
1648 2089 1695 2132 L.
1723 2089 1797 2132 Al-

84 2142 198 2184 taz'ca
228 2142 371 2186 Fisch.

128 2214 230 2252 Hab.
251 2216 291 2252 in
313 2216 489 2252 arenosis
511 2217 733 2256 maritimis.
751 2216 802 2252 ad
820 2216 911 2253 Kila
932 2228 1054 2265 prope
1073 2217 1309 2264 Byzantium
1329 2220 1559 2268 (Duparql),
1585 2222 1730 2258 Tauria
1749 2223 1798 2258 ad

84 2260 216 2299 Sudak
234 2263 374 2304 (Rehm
389 2265 425 2309 l),
444 2274 557 2311 prov.
575 2263 748 2310 Talysch
762 2264 830 2300 alt.
848 2265 955 2302 4005’
972 2269 1038 2311 (ex
1055 2265 1237 2311 Hohen.)‚
1253 2267 1304 2302 ad
1319 2267 1468 2304 radices
1490 2271 1632 2305 montis
1649 2270 1794 2306 Dema-

84 2306 184 2346 yend
203 2311 345 2347 Persiae
366 2311 536 2347 borealis
565 2311 657 2357 (ΚΥ.
676 2311 764 2348 720!
788 2312 928 2348 saltem
957 2324 1005 2349 ex
1032 2315 1158 2349 incom
1192 2313 1268 2350 leto
1293 2316 1537 2362 specimine),
1563 2328 1672 2363 prov.
1693 2317 1797 2353 Klio-

82 2367 218 2393 rassan
236 2358 384 2404 (Egel),
402 2358 532 2395 littore
547 2359 730 2395 orientali
747 2359 869 2396 maris
888 2361 1022 2408 Caspii
1042 2361 1159 2407 (Kare
1185 2363 1224 2406 l),
1244 2362 1457 2408 Affghania
1476 2365 1638 2410 (Griffl).

128 2420 189 2456 Ar.
219 2420 351 2467 Gooqr.
377 2422 590 2458 Germania
608 2422 780 2459 borealis
800 2424 1014 2470 orientalis,
1033 2423 1171 2462 Rossia
1187 2425 1317 2461 media
1331 2429 1368 2462 et
1382 2427 1581 2473 australis,
1595 2429 1797 2474 Songaria‚

82 2465 222 2504 Sihiria
241 2469 444 2506 Uralensis
464 2473 501 2506 et
521 2469 686 2506 Altaica.

141 2575 208 2617 25.
243 2574 299 2617 L.
333 2575 699 2621 Damascena
736 2577 901 2633 (Boiss.
928 2584 970 2622 et
992 2579 1114 2624 Gaill.
1146 2582 1296 2636 Diagn.
1324 2583 1418 2627 Ser.
1456 2585 1508 2639 ll,
1545 2588 1587 2639 6,
1615 2601 1656 2641 p.
1687 2587 1790 2644 1130)

83 2632 228 2685 glabra
251 2635 549 2689 glaucescens‚
574 2637 832 2692 pluricaulis
857 2639 1054 2684 caulibus
1090 2642 1430 2691 ascendentibus
1464 2647 1629 2689 foliosis
1655 2649 1696 2689 in
1728 2661 1792 2690 ra-

84 2701 249 2736 cemum
283 2695 524 2749 simplicem
564 2700 661 2750 post
695 2697 896 2740 antliesin
936 2699 1182 2753 elongatum
1224 2702 1557 2747 densiusculum
1594 2706 1795 2759 glabrum

83 2749 354 2800 abeuntibus.
393 2754 505 2797 foliis
548 2756 730 2799 alternis
763 2756 1269 2804 lanceolato-iinearibus
1308 2763 1446 2805 acutis
1484 2765 1796 2808 subtrinerviis

83 2821 218 2853 nervo
242 2811 383 2856 medio
407 2825 600 2867 superne
626 2826 710 2858 non
739 2815 859 2857 sulco
895 2818 1126 2871 impresso,
1156 2821 1379 2873 pedicellis
1406 2824 1549 2876 calyce
1585 2825 1796 2867 breviori-

84 2866 181 2919 bus,
215 2870 400 2916 bracteis
428 2873 626 2926 oblongis
663 2874 801 2917 acutis
831 2876 1037 2928 pedicello
1076 2878 1359 2929 longioribus,
1398 2882 1581 2925 floribus
1616 2886 1797 2938 magnis.

83 2928 239 2982 calycis
262 2929 457 2974 breviter
478 2936 520 2974 et
546 2933 738 2988 crispule
766 2933 1045 2988 pubescentis
1067 2942 1109 2980 et
1144 2938 1275 2981 ciliali
1309 2940 1474 2983 laciniis
1512 2943 1796 2995 plurinerviis

84 2984 488 3044 oblongo-elliplicis
531 2992 815 3036 acutiusculis
857 2994 947 3037 basi
981 2998 1233 3047 attenuatis,
1285 3001 1447 3042 corolla
1491 3001 1602 3043 llava
1645 3002 1795 3055 glabra
