2065 3271
103 196 253 239 Mentha.
849 206 1042 234 LAssmTAE.
1712 207 1783 245 543

149 358 265 400 Scor.
302 354 328 395 l.
366 354 610 397 EUMENTHA.
643 380 690 386 —
720 355 887 410 Calycis
915 359 1014 400 iaux
1038 359 1167 411 nuda,
1194 360 1345 403 dentes
1371 363 1662 417 subaequales.

155 490 183 528 l.
216 485 284 527 Μ.
323 484 712 528 rotundifolia
736 487 800 540 (L.
830 486 903 541 Sp.
935 501 973 541 p.
1000 488 1103 543 8:25)
1128 489 1325 530 caulibus
1351 491 1519 540 erectis,
1548 492 1657 533 loliis
1685 505 1776 535 ses-

98 545 238 591 silibus
266 544 404 585 ovans
430 556 544 597 saepe
572 545 759 586 cordatis
784 546 955 598 rugosis
984 546 1171 588 crenatis
1198 559 1329 601 supra
1361 549 1505 590 minus
1536 550 1774 602 pubescan-

98 605 200 649 tibus
224 603 380 645 subtus
405 603 732 645 canescentibus
756 604 820 645 vel
842 604 1004 655 lanatis,
1027 604 1157 658 spIcis
1183 606 1330 648 densis
1359 608 1774 661 cornico-cylindricis

96 663 244 717 saepius
285 662 553 714 paniculatis.
594 661 776 704 bracteis
816 662 1075 713 lanceolatis‚
1116 665 1334 718 calycibus
1375 665 1565 707 obsoleto
1610 668 1774 711 stri-ulis

93 721 208 766 hirtis
235 721 470 762 fructiferis
495 721 831 774 ovato-globosis
850 721 1054 764 dentibus
1080 721 1287 765 brevibus
1316 725 1451 766 acutis
1484 731 1541 771 ῃ.
1564 725 1618 767 lc.
1645 725 1775 768 Rclib.

92 781 172 824 tab.
207 780 276 821 81.
297 803 352 808 —
369 779 432 821 M.
464 791 628 831 rugosa
654 779 772 821 Lam.
796 804 851 809 —
873 780 923 821 M.
950 780 1140 836 ueylecta
1162 786 1204 824 et
1226 782 1280 823 M.
1307 783 1639 836 macros-tachya
1668 784 1774 827 Teu.

130 855 224 890 Hah.
255 854 301 889 ad
329 865 452 901 aquas
486 856 523 890 in
554 855 710 899 regione
746 856 959 901 praesertim
995 856 1185 900 inferiore,
1219 857 1371 892 Graecia
1403 859 1568 904 (sprunl
1606 859 1776 905 Heldrl),

90 902 244 939 Thracia
263 902 419 946 (Frivl),
440 901 629 947 Bithynia
651 901 825 946 (pictus).

128 967 181 1001 Ar.
218 966 347 1011 Geoqr.
378 966 536 1012 Europa
567 966 693 1001 media
721 970 757 1001 et
790 967 975 1002 australis
1009 967 1058 1003 ab
1090 968 1233 1014 Anglia
1264 971 1302 1004 et
1327 970 1537 1004 Gerumnm
1569 970 1695 1005 media
1727 971 1774 1006 ad

87 1013 254 1050 Bossiam
276 1013 456 1058 mediam,
477 1014 646 1058 Madera,
665 1014 795 1049 Africa
815 1013 996 1050 borealis.

138 1124 176 1163 z).
214 1122 281 1164 M.
316 1122 637 1176 sylvestris
671 1121 739 1176 (L.
769 1121 839 1177 Sp.
864 1136 904 1177 p.
935 1121 1041 1178 804)
1069 1123 1265 1166 caulibus
1289 1124 1460 1172 erectis,
1484 1123 1595 1164 foliis
1616 1124 1772 1166 subtus

85 1182 146 1224 vel
173 1181 377 1235 utrinque
405 1181 734 1224 canescentibus
775 1182 842 1224 vel
880 1182 998 1224 canis
1032 1183 1178 1224 rarius
1210 1181 1415 1236 glabr-atis
1456 1182 1770 1225 subsessilibus

81 1241 211 1283 oratis
248 1240 442 1293 oblongis
481 1242 548 1283 vel
583 1240 835 1283 lanceolatis
874 1241 971 1294 plus
1005 1241 1207 1283 minusve
1236 1241 1511 1284 denticulatis
1545 1242 1769 1283 interdum

84 1299 479 1354 undulato-crispis,
513 1299 830 1343 verticillastris
868 1300 1120 1342 niultissoris
1157 1301 1297 1354 spicas
1328 1302 1495 1343 conicas
1532 1301 1597 1342 vel
1636 1300 1772 1353 cylin-

81 1358 252 1400 draceas
279 1360 376 1412 plus
406 1359 550 1401 minus
575 1359 797 1412 elongatus
821 1361 978 1403 densas
1016 1360 1160 1402 rarius
1187 1360 1357 1401 inferne
1382 1360 1652 1413 interruptas
1688 1360 1771 1400 l'or·

81 1417 309 1466 mantibus,
338 1417 521 1461 bracteis
546 1417 911 1470 lineari-setaceis‚
936 1419 1155 1472 calycibus
1183 1420 1438 1461 tomentosis
1464 1418 1627 1461 striatis
1654 1419 1772 1459 truc-

79 1476 210 1519 tiferis
238 1477 496 1519 ventricosis
521 1489 712 1531 superne
741 1477 966 1521 coarctatis
993 1477 1199 1520 dentibus
1223 1476 1436 1521 subulatiS
1465 1479 1637 1520 demum
1666 1477 1769 1519 sub-

78 1535 404 1579 conuiventibus
439 1542 504 1584 26.
546 1535 680 1578 Rchb.
724 1536 776 1578 le.
819 1538 900 1580 tab.
940 1537 1018 1578 82.
1051 1560 1108 1567 -
1134 1537 1192 1579 M.
1234 1535 1493 1578 mollissima.
1535 1537 1682 1578 Borck.
1714 1560 1762 1566 —

76 1592 126 1637 M.
150 1606 380 1637 nemorosa
404 1594 472 1636 W.
500 1620 554 1625 —
582 1594 637 1636 M.
660 1596 899 1639 candicans
925 1595 1036 1639 Mill.
1066 1601 1108 1639 et
1129 1596 1264 1638 multa
1287 1596 1368 1637 alia
1403 1608 1644 1650 synonyma
1674 1608 1769 1649 quae

76 1653 202 1698 citare
242 1654 531 1697 fastidiosum.
573 1680 627 1686 -—-
666 1654 723 1696 M.
771 1656 1021 1709 nigrescens
1061 1660 1101 1697 et
1136 1654 1193 1696 M.
1235 1654 1525 1708 orzicropleyllct
1567 1654 1609 1696 C.
1651 1656 1769 1699 Kocll

75 1710 195 1756 Liun.
234 1712 279 1756 21
313 1727 355 1768 p.
387 1712 485 1756 648.

117 1787 216 1824 Hab.
242 1789 290 1824 ad
316 1789 421 1834 ripas
447 1790 484 1824 et
514 1789 637 1825 fossas
671 1790 788 1825 totius
816 1789 975 1826 ditionis
1003 1801 1025 1826 a
1048 1792 1207 1837 regione
1238 1791 1411 1827 inferiori
1444 1790 1493 1826 ad
1526 1790 1711 1837 alpinam,
1744 1803 1767 1828 a

71 1833 235 1918 ssraecita!
264 1839 301 1918 eit
319 1835 566 1872 Macedonia!
594 1837 643 1873 ad
661 1837 833 1873 Persian]
853 1837 1071 1874 horealemt
1103 1842 1140 1874 et
1167 1839 1408 1883 australeml,
1439 1838 1765 1876 Turkestaniam!

104 1892 181 1930 gyp
203 1893 266 1918 um

115 1945 265 1992 Species
291 1947 420 1994 quoad
445 1948 732 1990 indumentum,
759 1948 942 1984 foliorum
971 1949 1139 1985 formam
1159 1951 1196 1985 et
1214 1950 1359 1993 dentes.
1389 1952 1515 1997 spicas
1539 1951 1678 1987 breves
1705 1952 1767 1990 vel

73 1991 204 2039 longas
223 1994 437 2031 admodum
455 1995 669 2030 variabilis.
690 1995 777 2031 Non
795 2006 930 2032 omnes
949 1997 1155 2032 varietates
1175 1997 1243 2033 sed
1263 1998 1455 2044 quasdam
1475 1999 1601 2045 magis
1620 2009 1767 2035 memo-

71 2039 209 2077 rabiles
229 2052 435 2088 enumero;
456 2052 592 2079 omnes
613 2043 799 2079 transitus
820 2044 1047 2080 innumeros
1065 2044 1252 2091 praebent.

72 2163 79 2170 ·
124 2107 169 2161 β.
206 2108 524 2162 steuostachya.
556 2133 610 2139 —
636 2108 772 2163 Spicae
796 2109 930 2163 longae
954 2111 1144 2153 tenuiter
1171 2112 1418 2165 cylindricae
1453 2113 1621 2155 inferne
1651 2125 1766 2169 stepe

69 2170 339 2221 interruptae,
366 2167 496 2211 liores
522 2169 726 2219 minores,
750 2168 848 2210 folia
873 2173 1117 2212 tomentosa
1144 2173 1211 2213 vel
1241 2172 1381 2213 lanata
1404 2183 1518 2226 saepe
1544 2173 1697 2226 plicata
1725 2179 1768 2217 et

70 2228 258 2279 margine
285 2228 514 2270 undulata.
549 2252 603 2257 —
625 2228 680 2269 M.
703 2230 943 2270 tomentosa
969 2227 1076 2271 Urv.
1100 2228 1256 2272 Enum.
1289 2243 1337 2284 p.
1368 2231 1433 2272 67.
1461 2257 1511 2262 -
1535 2232 1590 2273 M.
1616 2243 1764 2274 canes-

69 2292 164 2326 cens
187 2284 300 2327 Sieb.
334 2310 384 2317 —
410 2286 464 2328 M.
489 2286 655 2329 Staberi
677 2286 721 2329 C.
751 2287 869 2331 Koch
896 2288 1020 2330 Linn.
1045 2289 1090 2330 21
1127 2301 1166 2342 p.
1190 2289 1288 2331 649.

114 2359 214 2396 Hah.
234 2362 273 2396 in
293 2363 471 2406 Graeciut,
488 2363 717 2399 Macedoni-a
735 2366 772 2399 et
790 2363 988 2410 Thracias,
1007 2365 1190 2401 Anatolia
1207 2367 1323 2402 occid.
1340 2367 1471 2412 (Boiss
1485 2369 1509 2413 ἱ)
1529 2370 1566 2404 et
1583 2368 1765 2407 interiore

69 2405 245 2454 (Wiedl),
277 2412 405 2445 Creta!
435 2411 578 2456 Syriai,
610 2411 757 2446 Arabia
776 2413 906 2457 petrea
930 2412 1119 2460 (Schimp.
1144 2413 1260 2459 8151),
1291 2415 1422 2451 Persia
1447 2415 1610 2451 australi
1629 2417 1765 2464 (Bm),

68 2462 172 2498 prov.
188 2455 417 2492 Khorassan
437 2458 584 2504 (Bgel).

125 2541 162 2580 y.
197 2521 527 2566 tavandnlacea.
559 2549 613 2554 —-
639 2523 882 2568 Canescens
912 2527 977 2569 vel
1015 2537 1133 2578 cana,
1167 2528 1296 2581 spicze
1328 2528 1465 2582 longas
1494 2533 1688 2583 angustae
1719 2534 1766 2573 et

68 2578 195 2624 flores
219 2582 342 2635 pai-vi
371 2583 667 2636 praecedentis,
696 2584 774 2627 sed
799 2586 895 2628 solia
926 2585 1048 2639 longe
1071 2590 1114 2628 et
1140 2591 1322 2640 anguste
1348 2587 1762 2633 lineari-lanceolata

68 2638 189 2690 plana
212 2652 327 2695 saepe
351 2641 536 2696 integra.
565 2668 615 2674 —
645 2642 702 2686 M.
727 2643 1042 2687 lavandulacea
1069 2645 1215 2687 Willd.
1246 2646 1398 2688 Enutn.
1425 2660 1466 2701 p.
1493 2648 1591 2690 609.

113 2712 213 2750 Hah.
232 2714 280 2750 ad
301 2716 558 2762 scaturigines
576 2717 783 2754 Sinaiticas
801 2718 918 2764 (Ehrl
937 2706 1108 2766 Schimp.
1130 2720 1249 2765 4192).

123 2780 160 2823 ὃ.
190 2780 399 2844 peciolam
427 2807 476 2814 -
502 2783 617 2827 Folia
642 2786 845 2839 petiolata
873 2790 995 2829 ovata
1024 2786 1090 2829 vel
1130 2787 1362 2829 lanceolata
1399 2788 1658 2831 subdentata
1697 2788 1765 2832 vel

65 2845 242 2889 serrata,
270 2842 406 2895 spinae
435 2843 605 2887 variant
637 2845 794 2888 breves
822 2846 888 2889 vel
911 2846 1132 2899 elongalae‚
1168 2847 1313 2899 planta
1343 2848 1500 2901 saepius
1529 2858 1762 2890 canescens

66 2898 132 2940 vel
160 2911 279 2942 cana.
304 2925 362 2931 —
388 2902 440 2944 Μ.
467 2902 627 2945 incana
653 2904 800 2947 Willd.
839 2904 912 2947 En.
942 2918 984 2960 p.
1021 2906 1121 2947 609.
1154 2929 1206 2934 —-
1234 2904 1288 2946 M.
1333 2905 1552 2960 Royleana
1586 2906 1680 2948 Btli.
1719 2906 1766 2952 in

66 2953 188 3001 Wall.
213 2960 286 3003 As.
315 2960 344 3008 1.
372 2974 414 3016 p.
443 2962 510 3004 29.
543 2987 592 2993 —
620 2962 671 3004 M.
701 2962 878 3007 Νοὲαηα
901 2965 1038 3008 Boiss.
1065 2965 1109 3006 in
1136 2963 1225 3008 Noe
1248 2976 1338 3008 exs.
