2100 3262
228 208 323 248 1172
925 215 1201 242 CUPULIFERAE.
1733 197 1921 237 Quercus.

290 314 328 353 y.
358 289 529 343 Ungteri.
556 312 608 318 —
639 288 756 331 Folia
779 289 945 330 minora
968 289 1165 342 oblonga.
1206 284 1385 338 Cupulae
1423 294 1614 338 squamae
1648 281 1920 324 intermediae

231 352 449 395 interdum
485 347 747 389 abbreviatae
774 351 817 388 et
852 359 1060 397 recurvae,
1099 345 1351 399 superiores
1387 343 1595 394 elongatae
1627 344 1824 383 arcualae.
1864 364 1918 369 --

233 411 276 463 Q.
305 405 463 461 [sugeri
485 406 563 459 Ky.
589 409 617 446 t..
645 406 711 448 13.
738 430 788 435 -
816 404 859 455 Q.
888 405 1086 448 Vallonea
1112 404 1236 458 Alph.
1263 414 1346 444 0.(1.
1372 401 1525 443 Prodr.
1552 400 1576 441 l.
1600 400 1669 441 cit.
1695 411 1731 452 p.
1755 399 1809 440 [16
1832 410 1916 439 non

231 469 309 523 Ky.
336 469 420 512 tab.
453 467 492 506 7.
540 488 593 495 ·-
633 465 676 516 Q.
703 464 905 517 AEyilops
940 477 1027 506 var.
1057 462 1305 506 Οίὶυενὶαηα
1329 460 1476 502 Teliih.
1512 458 1585 500 As.
1612 458 1709 499 Min.
1735 458 1819 500 tab.
1847 458 1914 498 42.

230 549 285 559 ·—
320 527 363 578 Q.
399 522 589 575 Trojana
630 522 769 566 Webb
805 523 844 565 in
881 523 1006 565 Jaub.
1045 525 1086 565 et
1121 521 1192 575 Sp.
1230 520 1293 561 111.
1332 519 1415 561 tab.
1453 519 1522 559 57.
1571 541 1619 548 —
1658 514 1702 565 Q.
1727 514 1921 558 Goedeli'i

229 584 310 641 Ky.
342 598 429 627 exs.

278 659 380 694 Hah.
408 661 446 693 in
474 658 598 704 Mysia
624 657 661 691 et
680 656 857 701 Phrygia
886 655 1039 700 (Webb‚
1057 653 1183 697 Jaub.,
1202 651 1426 696 Schniidt!)‚
1459 649 1643 685 Anatolia
1673 647 1923 683 meridionali

232 704 421 751 (Heldrl),
441 705 640 751 Lycaonia
659 706 695 738 et
719 704 856 738 Cilicia
874 704 968 747 (Ky.
982 702 1071 738 387!
1090 700 1178 736 390!
1200 702 1238 735 et
1255 699 1307 734 No
1324 698 1413 734 304!
1432 696 1499 733 391
1516 698 1523 731 l
1541 696 1614 731 sub
1633 697 1672 739 Q.
1690 692 1922 740 Vallonec'il).

291 772 326 815 ὂ.
356 769 675 813 [thamensis.
725 795 772 799 —
816 768 891 810 Vix
926 767 1116 809 variatio.
1160 765 1276 808 Folia
1317 766 1400 806 late
1433 765 1556 805 ovata
1594 763 1740 804 formae
1771 761 1931 815 typicae

231 831 304 873 sed
329 830 495 882 (adulta
524 828 787 883 proesertim)
813 827 990 869 brevius
1014 825 1286 868 denticulata.
1325 823 1525 876 Squamae
1551 833 1700 863 omnes
1725 832 1925 863 recurvae-

229 888 458 932 Inferiores
496 892 538 929 et
576 887 846 930 intermediae
881 885 1154 927 abbreviatae.
1197 908 1251 914 -
1292 882 1335 933 Q.
1376 879 1679 923 Itlzabureusis
1711 879 1925 922 Decaisne

229 947 345 990 Ann.
373 947 467 989 Nat.
498 947 589 989 Ser.
612 944 656 998 2,
681 946 752 994 IV,
778 959 817 999 p.
846 946 941 986 348.
969 968 1019 974 —
1045 943 1125 996 Ky.
1153 943 1269 985 Eich.
1299 942 1381 983 tab.
1412 942 1478 983 12.

276 1019 375 1056 Hah.
390 1022 429 1055 in
446 1019 650 1055 montibus
669 1018 839 1062 Thabor,
855 1016 1009 1052 Carmel
1026 1017 1063 1051 et
1078 1018 1158 1051 tota
1173 1014 1341 1051 Galilaea
1358 1013 1483 1059 (Bove
1499 1015 1506 1048 l
1526 1012 1657 1048 Boiss!
1673 1011 1754 1057 Kyl
1769 1009 1928 1055 Gailll).

289 1105 319 1130 ε.
361 1085 550 1140 Pyrami.
585 1109 641 1116 -—
680 1084 792 1126 Folia
835 1082 1102 1124 ramulorum
1140 1080 1383 1124 vernalium
1422 1079 1603 1131 oblonga
1648 1076 1926 1127 denticulala,

231 1146 426 1199 vegetius
452 1144 724 1187 exsolutorum
756 1141 963 1183 variantia
1000 1141 1151 1182 latiora
1185 1139 1444 1194 profundius
1473 1137 1612 1179 lobata
1641 1147 1755 1190 saepe
1784 1135 1923 1187 lyr-ata

232 1203 329 1247 lobo
363 1203 577 1246 terminali
615 1202 763 1244 latiore
802 1200 1032 1242 rotundato
1061 1199 1151 1241 basi
1180 1199 1369 1248 cordato,
1403 1209 1594 1250 squamae
1630 1195 1857 1236 interiores
1882 1196 1924 1236 et

231 1264 383 1306 mecliae
415 1266 550 1304 ovalze
590 1264 780 1309 arrectae,
817 1259 1068 1312 superiores
1108 1256 1524 1300 lineari-lanceolatae
1555 1254 1834 1297 retrofractae.
1863 1276 1921 1281 ——

238 1319 282 1371 Q.
305 1321 485 1375 Pyrami
508 1321 586 1373 Ky.
614 1319 726 1362 Eicli.
754 1319 834 1361 lab.
860 1319 898 1359 3.

234 1394 393 1480 2011an
403 1396 443 1430 in
464 1395 626 1442 planitie
646 1393 806 1429 Cilicica
830 1393 899 1428 ubi
917 1393 965 1428 ad
984 1393 1127 1428 ostium
1148 1389 1309 1436 Pyrami
1332 1392 1464 1426 vastas
1492 1388 1627 1434 sylvas
1658 1388 1799 1422 format
1830 1384 1927 1430 (Ky.

304 1443 472 1486 effusi).

281 1505 439 1551 Species
460 1503 501 1544 Q.
521 1504 634 1540 Cerri
648 1504 831 1549 proxima
857 1503 906 1538 ab
935 1514 979 1538 eo
1008 1502 1114 1538 foliis
1139 1502 1211 1537 etsi
1235 1500 1411 1536 deciduis
1444 1499 1593 1534 diutius
1619 1496 1926 1543 persistentibus

235 1553 417 1588 coriaceis
448 1552 537 1598 plus
568 1552 698 1586 minus
732 1550 902 1585 dentatis
933 1550 1000 1585 sed
1029 1560 1232 1595 nunquam
1263 1546 1508 1594 pinnatifidis
1528 1545 1726 1581 distincta.
1758 1544 1926 1590 Cupulae

231 1600 400 1645 majores
421 1599 600 1644 squamis
622 1597 891 1633 crassioribus.

297 1706 360 1746 117.
396 1703 451 1747 Q.
475 1700 851 1745 Macedonica
875 1701 1022 1756 (Alpli.
1054 1714 1132 1744 uc.
1161 1700 1317 1743 Prodr.
1355 1700 1379 1741 1.
1415 1700 1484 1742 cit.
1529 1713 1570 1752 p.
1612 1697 1687 1753 50)
1721 1698 1923 1750 arborea,

232 1762 344 1806 foliis
377 1762 666 1805 subcoriareis
704 1761 847 1802 serius
882 1760 1076 1803 deciduis
1113 1772 1247 1813 supra
1276 1758 1438 1812 glabris
1472 1758 1627 1800 lucidis
1654 1757 1810 1799 subtus
1836 1757 1924 1810 gla-

235 1820 367 1864 bralis
394 1821 650 1863 brevissime
676 1819 894 1874 petiolatis
927 1833 947 1860 a
980 1819 1070 1861 basi
1098 1819 1327 1861 rotundatu
1353 1818 1420 1859 vel
1446 1816 1925 1860 truncato-subcordala

232 1879 426 1933 oblongis
464 1878 778 1921 obtusiusculis
820 1878 1094 1920 denticulatis
1153 1877 1219 1919 vel
1267 1876 1669 1931 cremato-repandis
1718 1874 1922 1918 dentibus

232 1937 565 1982 ascendentibus
614 1937 940 1987 iunci-onulalis,
991 1936 1203 1979 l'ructibus
1256 1935 1483 1979 sessilibus
1530 1935 1709 1984 1-3-niS‚
1754 1936 1926 1988 cupulae

233 1996 557 2051 lieuiisplierieae
585 1997 778 2050 squamis
803 1996 1144 2050 pubescentibus
1175 1995 1332 2037 intimis
1366 1994 1502 2037 ovatis
1536 1994 1760 2048 adpressis
1788 1994 1923 2035 inter-

233 2058 385 2098 mediis
423 2056 618 2108 oblongis
660 2055 1078 2097 inicinalo-recurvis
1116 2055 1234 2107 apice
1272 2053 1667 2106 ruso-spliacelalis‚
1704 2053 1928 2106 supremis

232 2113 499 2168 longioribus
522 2115 708 2162 inflexis,
736 2114 890 2167 glande
917 2114 1087 2155 inclusa
1108 2117 1182 2156 aut
1204 2112 1397 2155 breviter
1424 2114 1594 2155 exserta
1619 2115 1656 2162 ὅ.
1698 2112 1740 2162 Q.
1766 2111 1923 2153 AEscu·

232 2173 301 2216 lus
331 2174 500 2216 Griseb.
527 2173 639 2226 Spic.
668 2173 723 2224 Il,
751 2187 788 2227 p.
816 2174 898 2214 333
924 2185 1007 2214 non
1034 2172 1077 2213 L.

276 2247 376 2282 Hah.
396 2248 437 2281 in
455 2247 580 2292 sylvis
602 2247 842 2281 Macedoniae
861 2257 980 2293 supra
996 2245 1159 2281 Vodena
1178 2245 1221 2285 Q.
1241 2244 1352 2281 Cerri
1372 2245 1550 2280 immixta
1569 2245 1742 2290 (Grisebl
1763 2244 1925 2290 Orph!)‚

228 2300 351 2341 prope
370 2294 552 2330 Prisdren
573 2296 609 2329 et
627 2294 667 2328 in
686 2294 855 2329 Albania
876 2293 1074 2338 (Griseb.)

276 2358 434 2405 Species
468 2369 515 2393 ex
545 2358 681 2404 paucis
711 2358 1016 2404 junioribusque
1044 2357 1331 2403 speciminibus
1361 2360 1464 2401 nota,
1500 2368 1548 2392 an
1576 2356 1737 2403 glandes
1760 2358 1927 2391 maturae

232 2406 377 2451 cupuli}
396 2405 585 2440 inclusae?
616 2405 738 2440 Valde
770 2406 897 2439 astinis
921 2404 962 2443 Q.
983 2404 1181 2451 [Eqilopis
1203 2405 1339 2439 formis
1370 2404 1573 2439 nonnullis
1603 2404 1820 2450 praesertim
1840 2413 1922 2438 var.

236 2449 431 2506 Trojanae
466 2452 534 2487 sed
559 2452 654 2487 folia
686 2451 865 2497 glabrata
899 2462 970 2487 nec
996 2452 1136 2487 subtus
1170 2454 1403 2497 tomentosa,
1436 2461 1614 2498 squamae
1653 2451 1806 2498 cupulae
1832 2450 1922 2484 bre-

229 2505 370 2536 VloreS.

295 2604 360 2644 18.
393 2601 449 2646 Q.
478 2601 636 2644 Look
656 2601 754 2654 (Ky.
782 2601 896 2642 Eicli.
925 2600 1011 2642 tab.
1041 2599 1117 2655 31]
1144 2600 1325 2642 arborea
1352 2600 1581 2642 mediocris
1607 2599 1672 2642 vel
1702 2599 1924 2653 fruticosa,

232 2657 343 2704 foliis
381 2661 573 2702 breviter
612 2660 826 2713 pelioiatis
865 2660 1016 2711 rigidis
1056 2660 1212 2702 subtus
1248 2660 1329 2702 sub
1368 2660 1481 2702 lente
1515 2660 1700 2712 sparsim
1734 2660 1924 2701 stellalo-

232 2719 458 2774 puberu'is
512 2719 732 2761 uudulalis
785 2731 935 2772 grosse
981 2718 1365 2761 crenato-dentatis
1410 2718 1613 2761 dentibus
1647 2718 1927 2770 mucronalis,

232 2776 444 2821 fructibus
472 2778 731 2821 brevissime
771 2777 1070 2830 pedunculalis
1109 2777 1315 2819 solitariis
1347 2777 1411 2819 vel
1450 2777 1578 2824 binis,
1620 2778 1788 2831 0111111111)-
1822 2778 1923 2819 sub-

233 2837 463 2880 turbinalae
489 2837 681 2890 squamis
706 2837 898 2878 breviter
931 2837 1192 2879 tomentellis
1228 2837 1481 2890 majusculis
1518 2836 1616 2878 imis
1653 2837 1790 2880 ovalis
1822 2837 1922 2878 sub·

232 2894 467 2949 impressis,
508 2896 777 2939 intermediis
816 2895 1210 2938 ovalo-lanceolatis
1253 2896 1371 2949 apice
1405 2896 1577 2949 inflexo,
1618 2894 1923 2950 superioribus

233 2953 440 3008 elongatis
467 2954 703 2997 linearibus
724 2953 1129 2998 uncinato-ressexis
1155 2959 1201 3004 5.
