2065 3271
144 238 459 277 Wiedemanm'a.
885 247 1072 273 LABIATAE
1082 264 1089 271 .
1770 238 1841 274 767

377 406 740 455 wianeiuxnu
769 408 830 468 (r.
860 411 899 455 et
924 408 973 455 n.
1007 407 1096 454 nm.
1131 406 1197 453 iv.
1238 407 1399 467 ren-op.
1432 420 1473 466 p.
1506 406 1594 465 5⁴).

190 538 322 592 Calyx
356 539 687 591 campanulatus
729 538 959 581 bilabiatus
1000 538 1111 583 labio
1148 539 1377 591 superiore
1415 538 1670 580 unidcntato
1708 538 1835 582 dente

131 598 286 640 latiore
310 597 526 644 breviore.
551 597 755 641 inferiore
783 597 1119 652 quadi-identato
1143 596 1347 638 dentibus
1383 597 1512 638 altius
1547 598 1740 639 connatis
1766 610 1836 640 an·

128 656 414 710 gustioribus.
450 655 619 698 Corolla
649 656 751 698 tubo
783 660 956 698 exserto
990 657 1108 698 intus
1147 655 1528 709 annulatio-piloso,
1566 657 1695 698 limbo
1727 657 1830 698 bila·

130 715 243 758 biato
278 715 389 758 labio
412 716 642 768 superiore
675 715 895 762 fornicato.
922 715 1022 757 faux
1045 715 1233 765 dilatata,
1268 713 1351 756 lobi
1390 714 1590 756 laterales
1620 715 1830 769 appendi-

128 774 257 817 culati
284 774 349 817 vel
379 775 553 827 acutati,
577 775 747 818 medius
777 773 948 815 bifidus,
989 773 1182 816 Stamina
1209 775 1233 814 [ι
1257 773 1339 814 sub
1366 773 1477 814 labio
1504 775 1733 826 superiore
1761 786 1833 827 pa-

129 834 304 884 rallela‚
348 834 541 875 antlierae
579 832 849 876 divaricatim
889 833 1147 876 bilocularcs
1186 831 1379 885 hispidae.
1421 832 1570 884 Stylus
1608 834 1836 886 atqnaliter

128 891 302 935 bifidus.
343 891 524 935 Nuculae
562 896 685 935 acute
712 893 939 946 triquetrae
962 893 1082 945 apice
1111 895 1333 933 truncatae.
1359 915 1406 920 —
1430 890 1573 933 Herbe
1599 902 1764 933 annum.
1782 915 1833 922 —

129 949 280 995 Genus
308 951 451 1005 calyce
479 954 644 994 tantum
669 955 711 995 ct
737 951 807 993 vix
831 965 853 993 a
883 950 1033 992 LamIo
1061 950 1310 992 distinctum
1337 950 1378 991 in
1409 962 1493 1004 quo
1520 950 1741 993 interdum
1769 962 1835 992 ca-

129 1009 200 1064 lyx
231 1010 415 1053 obscure
437 1009 668 1054 bilabiatus
691 1011 902 1053 occurrit.

185 1116 222 1159 t.
255 1118 346 1161 W.
383 1116 685 1162 multifida
717 1117 783 1172 (L.
810 1118 881 1172 Sp.
918 1132 958 1173 p.
994 1119 1078 1160 809
1119 1117 1200 1160 sub
1230 1116 1404 1172 Lamio)
1440 1129 1580 1160 annua
1617 1117 1828 1170 adpresse

122 1180 165 1220 et
199 1189 326 1230 parce
366 1177 594 1231 puber-ula,
641 1178 840 1220 caulibus
882 1177 1187 1220 crassinsculis
1241 1177 1399 1218 erectis
1447 1176 1722 1229 simplicibus
1757 1178 1825 1219 vel

125 1237 216 1278 sere
239 1250 261 1278 a
286 1237 377 1279 basi
406 1237 602 1291 opposite
626 1237 872 1287 raccmosis,
911 1237 1022 1279 foliis
1047 1237 1201 1278 obtuse
1228 1235 1617 1278 crenato-dentatis
1646 1236 1823 1277 inferio-

123 1295 246 1337 ribus
276 1296 491 1349 petiolatis
515 1296 654 1337 ovatis
681 1296 952 1338 intermediis
982 1295 1143 1343 incisis,
1171 1294 1398 1338 floralibus
1417 1294 1647 1337 sessilibus
1675 1295 1824 1337 oblon-

122 1355 187 1408 gis
215 1350 428 1407 profunde
460 1352 605 1398 incisis
645 1355 709 1396 vel
742 1355 784 1396 in
825 1355 998 1397 lacinias
1028 1354 1206 1397 obtusas
1243 1354 1510 1407 pinnatifidis
1549 1353 1616 1396 vel
1652 1354 1826 1407 partitis

121 1413 428 1456 verticillastra
467 1413 795 1468 superantibus,
838 1414 1158 1457 verticillastris
1200 1413 1402 1467 pluribus
1445 1413 1695 1455 multissoris
1737 1412 1824 1455 dis-

121 1472 267 1515 tinctis
300 1473 605 1526 superioribus
634 1473 960 1527 approximatis,
989 1473 1175 1515 bracteis
1207 1472 1430 1525 adpressis
1463 1471 1644 1514 hirsutis
1679 1472 1823 1514 ovatis

119 1534 164 1573 et
190 1532 645 1585 oblongo-lanceolatis
666 1534 810 1586 calyce
834 1531 1126 1581 brevioribus,
1160 1532 1317 1586 calycis
1352 1531 1474 1573 labiis
1500 1531 1682 1573 hirsutis
1716 1530 1823 1573 tubo

116 1590 405 1644 glabrescenti
446 1591 577 1646 duplo
612 1591 889 1634 brevioribus
927 1591 1157 1645 superiore
1199 1591 1402 1633 breviore
1442 1590 1696 1632 unidentato
1738 1590 1821 1633 late

118 1649 375 1702 triangulari
406 1654 674 1699 mucronato,
704 1650 923 1692 inferioris
959 1649 1284 1704 quadridentati
1321 1649 1525 1692 dentibus
1554 1662 1576 1690 a
1612 1648 1704 1691 basi
1733 1650 1823 1691 lan-

116 1710 278 1752 ceolata
314 1709 529 1751 subulatis
562 1709 782 1752 inferioris
817 1710 945 1752 altius
982 1710 1191 1761 connatis,
1231 1709 1403 1752 corollae
1441 1719 1678 1763 pnrpureae
1716 1709 1820 1752 tubo

117 1768 260 1821 calyce
283 1768 645 1822 sesquilongiore‚
682 1771 803 1812 fauce
839 1769 1142 1822 snbampliala‚
1170 1767 1278 1811 lobio·
1306 1767 1556 1810 lateralibus
1582 1768 1820 1821 appendice

116 1826 239 1869 brevi
268 1827 419 1871 lineari
443 1827 593 1878 auctis,
616 1829 737 1882 galea
762 1829 914 1871 villosa
938 1828 1120 1871 obovata
1144 1828 1234 1870 basi
1258 1829 1479 1870 attenuata
1506 1831 1571 1877 Θ.
1628 1826 1682 1869 W.
1709 1826 1820 1870 <titul-

115 1885 243 1939 tvfida
271 1887 367 1929 Btb.
395 1888 438 1929 in
462 1900 542 1930 D.c.
570 1888 725 1930 Pr0d1·.
749 1887 844 1941 XII,
871 1900 909 1941 p.
935 1888 1034 1930 503.

161 1961 262 1998 Hab.
296 1963 336 1998 in
360 1964 547 1999 Armenia
564 1963 728 2000 Turcica
745 1963 922 2008 (Toum,
943 1962 1065 1999 Auch.
1086 1962 1231 2008 18811),
1250 1964 1290 1998 in
1311 1962 1413 1999 valle
1433 1961 1636 1998 Kassuklu
1656 1963 1816 2008 (Huetl)

115 2010 219 2055 agris
234 2010 370 2046 otiosis
386 2010 437 2045 ad
453 2010 599 2046 Baibut
612 2011 808 2057 (Bourgt)‚
827 2012 866 2046 in
883 2014 1015 2046 monte
1030 2010 1244 2056 Ilgasdagh
1260 2010 1452 2046 Anatoliae
1470 2010 1816 2056 borealisOViedt)

160 2075 409 2123 Semipedale
426 2077 490 2115 vel
510 2077 661 2124 pedale,
680 2077 828 2114 corolla
847 2076 1061 2124 pollicaris.

171 2183 209 2224 2.
242 2182 334 2225 W.
372 2182 702 2228 orientalis
730 2184 801 2240 (F.
842 2187 887 2227 et:
923 2183 977 2226 M.
1012 2183 1105 2226 Ind.
1144 2184 1218 2232 IV.
1252 2184 1428 2237 Petrop.
1467 2197 1507 2239 p.
1553 2183 1630 2238 51)
1674 2196 1818 2228 annua

108 2240 304 2284 breviter
339 2242 580 2297 pubescens
622 2243 844 2293 viscidula,
882 2243 1079 2287 caulibus
1119 2242 1423 2286 crassiusculis
1455 2243 1611 2285 crectis
1645 2241 1814 2296 simpli-

108 2299 232 2343 cibus
258 2302 325 2344 vel
355 2316 380 2346 a
416 2302 510 2345 basi
542 2303 742 2356 ramosis3
766 2302 880 2346 foliis
906 2303 1253 2355 ovato-oblongis
1284 2301 1566 2344 inferioribus
1597 2301 1813 2354 petiolatis

109 2360 298 2403 crenatis
319 2360 624 2415 superioribus
650 2362 881 2405 sessilibus
904 2362 1060 2405 obtuse
1085 2366 1128 2405 et
1161 2374 1314 2414 grosse
1350 2361 1538 2404 dentatis
1573 2360 1706 2403 flores
1739 2373 1812 2403 su-

108 2419 380 2473 perantibus,
427 2420 746 2465 verticillastris
792 2420 994 2475 pluribus
1042 2421 1292 2463 multifloris
1343 2420 1571 2464 distinctis.
1622 2419 1809 2462 bracteis

108 2477 247 2520 ovatis
275 2479 532 2521 acuminatis
559 2479 713 2522 ciliatis
731 2479 954 2534 appressis
978 2481 1121 2535 calyce
1147 2479 1441 2529 brevioribuS‚
1468 2480 1612 2532 calyce
1639 2478 1807 2521 hirsuto

105 2535 330 2580 fructifero
357 2541 480 2580 aucto
505 2538 706 2583 bilabiato
730 2540 838 2582 labio
865 2540 1094 2593 superiore
1118 2538 1321 2582 breviore
1363 2538 1596 2581 lanceolato
1631 2537 1809 2580 uniden-

108 2598 196 2638 tato
224 2596 444 2640 inferioris
472 2597 676 2641 dentibus
702 2598 906 2641 [terentis
930 2598 1062 2641 altius
1094 2598 1290 2640 connatis
1318 2596 1811 2650 lanceolam-subulatis,

107 2655 281 2697 corollae
322 2667 560 2711 purpureae
590 2657 693 2700 tubo
723 2657 866 2711 calyce
897 2657 968 2699 vix
1004 2657 1197 2712 longiore
1232 2657 1407 2712 oblique
1442 2659 1666 2708 ananiam,
1699 2656 1810 2698 iobis

105 2713 656 2768 triangulari-acuminatis,
675 2718 795 2769 galea
820 2716 1347 2770 purpureo-villosissima
1371 2717 1495 2758 ovata
1515 2719 1583 2765 Θ.
1612 2711 1811 2756 Lamiam

105 2771 486 2823 erythrotriclzaecm
512 2774 648 2818 Boiss.
680 2776 829 2830 Diugn.
866 2775 956 2818 Ser.
991 2776 1024 2825 Ι,
1056 2777 1080 2817 5
1119 2788 1154 2829 p.
1197 2777 1268 2818 826.
1297 2799 1353 2804 ——
1386 2774 1442 2817 W.
1482 2771 1811 2827 crathi-omelia

106 2830 202 2874 ΒΗ).
230 2831 272 2874 in
294 2846 375 2876 nc.
406 2833 560 2876 Pr0d1·.

153 2905 243 2942 Hab
273 2908 375 2944 inter
389 2919 537 2945 messes
551 2909 749 2946 Anamliae
765 2906 932 2946 b'oreaiis
948 2910 997 2946 ad
1008 2904 1808 2955 Hainanli,«Saf1·anbol‚·Tosiadtlersivan,

102 2953 266 2998 Angora
283 2956 461 3001 (Wiedl),
481 2957 530 2992 ad
548 2957 678 2993 Tokat
697 2957 839 3002 (Auch.
863 2957 1007 3002 51781),
1021 2958 1205 3003 Phrygire
1225 2957 1275 2993 ad
1288 2958 1452 2993 Ouchak
1465 2957 1557 3001 (Bal
1569 2960 1594 3001 1)
1606 2957 1744 3002 Lydioe
1753 2956 1807 2993 ad

102 3000 254 3038 radices
271 3002 442 3049 Mesogis
459 3004 645 3051 moissi),
658 3004 817 3041 Pisidiae
831 3005 881 3041 ad
893 3005 1044 3044 Buldur
1057 3005 1243 3050 (Helm-t),
1257 3006 1388 3051 Lyciae
1405 3006 1454 3042 ad
1469 3004 1630 3041 Elmalu
1641 3004 1806 3050 (eourg.
