2100 3262
275 215 346 252 332
973 221 1286 248 PLUMBAGINEAE.
1659 215 1978 259 Acantholimon„

278 297 527 343 unilaterali
567 297 631 339 vel
662 296 845 340 disticha
884 298 1029 340 erecta
1064 297 1131 338 vel
1163 296 1428 338 subcurvata
1466 298 1640 340 racliide
1667 300 1739 342 vix
1766 301 1973 347 flexuosa.

278 357 453 401 bractea
476 357 692 399 exteriore
718 356 894 400 dimidio
920 355 1118 397 breviore
1145 359 1226 398 late
1245 356 1498 407 triangulari
1524 359 1766 402 acuminata
1785 362 1974 406 carinata

280 419 463 469 auguste
501 415 1103 468 membranaceo-marginata‚
1144 413 1427 457 interioribus
1475 415 1668 470 oblongis
1713 422 1976 464 mucronatis

282 479 438 530 praeter
463 474 638 518 dorsum
666 476 883 519 interdum
911 475 1105 516 obsolete
1133 474 1395 527 puberulum
1426 475 1643 525 scariosis‚
1679 478 1836 531 calycis
1874 481 1975 523 tubo

283 533 467 590 sparsim
504 535 639 588 piloso
678 535 806 578 limbo
844 533 943 575 tubo
979 533 1254 575 subbreviori
1293 533 1378 574 lato
1408 536 1606 577 truncato
1636 536 1786 587 plicato
1818 540 1980 580 mutico

281 594 732 636 luscescenti-rubello
765 602 800 642 5.
848 593 904 634 Ic.
945 592 1091 635 Tchih.
1126 592 1228 645 Voy.
1267 591 1352 634 tab.
1397 593 1465 634 72.
1513 617 1564 623 —
1600 594 1757 636 Statice
1797 600 1979 639 venusta.-

281 652 408 695 Fenzl
438 651 541 694 Mss.
572 654 612 694 in
642 654 723 707 Ky.
750 665 839 696 exs.
871 677 924 681 —
950 650 991 693 S.
1026 650 1314 703 dlantlav'folia
1333 650 1370 692 J.
1393 655 1435 692 et
1457 651 1527 704 Sp.
1548 653 1611 694 Ill.
1634 654 1666 703 Ι,
1694 667 1741 707 μ
1761 656 1842 697 162
1868 657 1975 699 excl.

282 723 376 765 syn.
407 735 461 766 -,
486 711 744 762 Limonium
763 710 981 754 Orientale
1014 710 1227 752 humulus
1266 709 1551 763 Carpopleylli
1572 710 1692 763 folio
1724 714 1980 766 anfflcstz'ore

286 769 389 812 flore
416 771 584 823 spicato
609 783 741 812 suave
764 769 944 812 rubente
972 770 1134 812 Tourn.
1157 768 1254 812 Cor.
1286 782 1325 822 p.
1359 770 1428 810 ΞΒ.

329 844 432 879 Hah.
450 845 490 879 in
511 844 656 890 alpinis
678 845 799 879 Tauri
820 843 970 879 Cilicici
1000 853 1119 888 prope
1149 842 1280 878 Gulek
1311 842 1471 887 Boghas
1496 842 1598 878 7000’
1631 844 1726 890 (ΚΥ.
1743 846 1829 881 4141
1860 846 1931 881 Bal
1944 848 1981 893 l),

282 892 428 927 montis
445 892 577 937 Argaei
598 891 856 937 Cappadociae.
877 890 1016 933 (Ball),
1034 890 1240 935 Ssoffdagh
1260 890 1459 925 Cataoniae
1477 890 1581 926 3500·
1599 891 1827 939 (Haussk1)‚
1847 895 1980 930 Arme-

281 938 348 974 nia
364 939 578 984 (Tchichi)‚
598 939 795 974 Anatoliae
816 938 897 973 bor.
917 940 1048 972 monte
1070 937 1291 982 Yldizdagh
1312 937 1442 982 (Wied
1455 939 1493 981 Ι).

341 1003 383 1058 β.
416 1004 609 1046 Olivierc'.
640 1027 694 1033 —-
720 1004 839 1046 Folia
866 1004 1057 1054 longiora
1081 1002 1347 1056 angustiora,
1377 1003 1556 1056 spiculae
1581 1005 1716 1056 magis
1736 1005 1911 1048 dissitae.
1928 1030 1982 1038 --

283 1064 343 1106 A.
370 1063 551 1106 Olivierz‘
568 1063 604 1105 J.
626 1066 667 1105 et
686 1062 756 1117 Sp.
779 1063 853 1105 loc.
873 1062 939 1104 cit.
969 1062 1053 1103 tab.
1082 1062 1149 1103 93.
1168 1086 1218 1091 —
1239 1061 1289 1103 A.
1314 1061 1573 1115 laoezflorum
1597 1063 1736 1106 Boiss.
1761 1065 1803 1106 in
1823 1064 1981 1118 Bourg.

285 1136 372 1167 exs.
401 1123 506 1164 ‘2951

332 1188 433 1224 Hah.
451 1189 492 1223 in
513 1188 631 1233 Lycia
652 1198 771 1234 prope
792 1186 947 1222 Elmalu
968 1187 1130 1232 (Boni-g.
1149 1186 1272 1232 2951),
1291 1187 1412 1222 Tauri
1430 1188 1588 1233 regione
1606 1189 1815 1235 subalpina
1838 1190 1889 1225 ad
1907 1190 1988 1227 Kar·

285 1234 444 1282 Boghas
464 1236 552 1280 (Bal
567 1238 604 1277 Ι),
622 1239 751 1271 monte
771 1235 997 1279 Bervtdagli
1019 1235 1217 1270 Cataoniae
1238 1234 1467 1280 (Haussk1)‚
1485 1235 1619 1270 Persia
1636 1237 1756 1272 occid.
1776 1239 1877 1273 inter
1890 1239 1985 1274 Ker-

285 1283 483 1319 mancbah
503 1287 539 1318 et
558 1283 764 1318 Hamadan
786 1282 943 1327 (Olivt).

344 1370 381 1409 y.
422 1348 722 1401 Assyriammz.
758 1371 812 1378 -—
849 1347 974 1401 Spica
1007 1348 1101 1390 laxa
1137 1346 1359 1389 var-letatis
1392 1347 1674 1400 praecedentis
1715 1348 1791 1390 sed
1827 1361 1985 1403 scapus

285 1421 475 1462 superne
499 1420 592 1450 cum
630 1407 801 1449 racliide
827 1410 868 1448 et
892 1407 1077 1457 bracteis
1106 1405 1583 1459 velutino-pubescens.
1619 1432 1668 1438 —
1699 1407 1748 1449 A.
1776 1408 1985 1461 Assyria·

286 1478 384 1509 cum
408 1467 544 1509 Boiss.
576 1467 726 1519 Diagn.
757 1466 849 1508 Ser.
879 1467 909 1515 Ι,
941 1468 963 1507 7
991 1479 1029 1517 p.
1055 1466 1121 1507 81.

335 1541 436 1577 Hah.
458 1543 498 1576 in
521 1541 685 1585 Assyria
704 1541 803 1575 inter
822 1539 1034 1575 Diarbekir
1056 1540 1092 1574 et
1113 1539 1265 1574 Mardin
1288 1539 1383 1583 (Ky.
1402 1538 1518 1583 3131).

333 1598 393 1633 Ex
413 1597 672 1643 speciminum
693 1598 1010 1642 comparatorum
1034 1595 1147 1640 copia
1175 1595 1323 1640 species
1354 1595 1395 1629 in
1424 1595 1660 1640 synonymia
1690 1599 1924 1632 enumeratae
1947 1599 1986 1633 in

288 1645 338 1681 A.
355 1648 561 1680 venustum
583 1644 787 1678 manifeste
807 1644 1058 1678 transierunt.
1083 1643 1333 1677 Bractearum
1356 1642 1629 1678 indumentum
1650 1643 1765 1678 valde
1786 1645 1988 1692 variabile,

289 1692 330 1728 in
347 1690 632 1738 speciminibus
646 1702 665 1725 e
684 1691 814 1725 Tauro
831 1691 990 1725 Cilicico
1006 1690 1216 1735 specimina
1235 1690 1315 1724 alia
1328 1689 1496 1724 bracteis
1511 1689 1697 1725 velutinis
1717 1690 1805 1725 aliis
1824 1692 1988 1728 bracteis

289 1739 538 1785 glaberrimis
557 1738 595 1772 in
614 1738 750 1773 eodem
773 1739 855 1773 loco
875 1738 983 1773 lectis
1003 1737 1209 1773 simillima
1235 1737 1458 1772 observavi.
1489 1737 1645 1782 Species
1664 1737 1821 1774 corollis
1845 1740 1987 1785 amplis

287 1787 438 1822 intense
467 1785 673 1831 purpureis
705 1784 876 1830 elegans,
909 1786 1017 1831 spica
1046 1785 1084 1819 in
1117 1787 1211 1830 typo
1238 1784 1260 1819 2
1282 1784 1456 1830 polliceS‚
1482 1784 1521 1818 in
1547 1784 1683 1819 formis
1703 1785 1892 1821 laxitloris
1911 1789 1987 1823 tres

288 1833 449 1880 pollices
468 1834 595 1877 longa,
615 1832 729 1878 calyx
747 1833 810 1867 7-8
828 1832 955 1867 lineas
978 1832 1131 1877 longus.

352 1933 415 1974 18.
453 1932 510 1975 Α.
541 1930 884 1973 laxiflorum
913 1930 1077 1985 (Boiss.
1107 1929 1148 1971 in
1180 1929 1258 1981 Ky.
1289 1928 1345 1981 pl.
1375 1927 1471 1981 Syr.
1504 1927 1597 1970 bor.
1631 1929 1763 1984 1862)
1788 1931 1985 1982 glaucum

288 1991 605 2042 fruticulosum,
620 1990 750 2031 ramis
769 1990 978 2042 elongatis
996 1989 1239 2043 squamosis
1260 1988 1571 2039 nigricantibus
1592 1988 1820 2031 denudatis
1843 1990 1987 2032 rosula

288 2051 517 2105 paucit‘olia
544 2049 799 2093 terminatis.
826 2048 934 2090 soliis
956 2048 1197 2090 carnosulis
1226 2047 1432 2089 brevibus
1464 2047 1692 2100 triquetris
1723 2048 1913 2090 enerviis
1944 2050 1985 2091 in

289 2109 505 2163 spinulam
538 2108 814 2149 tenerrimam
844 2108 1004 2150 fuscam
1036 2107 1180 2149 subito
1217 2106 1465 2155 contractis,
1509 2118 1635 2159 scapo
1663 2106 1773 2150 foliis
1799 2108 1988 2160 longiore

288 2168 331 2210 in
367 2168 527 2220 spicam
564 2169 730 2219 longam
770 2167 908 2208 laxam
949 2171 1105 2210 rectam
1141 2166 1443 2208 unilateraleni
1477 2165 1652 2207 abeunti
1684 2177 1778 2207 cum
1815 2167 1988 2208 rachide

289 2227 385 2269 laevi
425 2228 573 2278 glabro
612 2226 677 2267 vel
717 2226 922 2274 velutino‚
969 2226 1155 2268 bracteis
1197 2225 1418 2267 herbaceis
1460 2224 1621 2276 glabris
1672 2225 1737 2266 vel
1781 2225 1992 2267 velutinis

288 2285 518 2328 latiuscule
543 2285 913 2337 albo-marginatis
949 2298 1082 2327 nervo
1119 2287 1240 2335 longe
1274 2287 1534 2326 excurrente
1566 2284 1700 2325 rubro
1726 2284 1981 2326 acuminato·

289 2344 528 2398 cuspidatis
550 2344 766 2386 exteriore
789 2344 914 2385 tertia
937 2347 1055 2397 parte
1082 2343 1298 2393 breviore,
1326 2343 1482 2393 calycis
1506 2342 1607 2384 tubo
1629 2342 1833 2395 pilosulo,
1858 2343 1988 2385 limbo

292 2403 577 2457 pallissidime
607 2402 791 2444 rubente
828 2403 929 2444 tubo
966 2403 1097 2456 duplo
1126 2402 1327 2443 breviore
1362 2402 1520 2443 mutico
1557 2401 1750 2444 obsolete
1777 2402 1988 2455 quinque-

292 2462 386 2505 lobo
411 2468 446 2510 35.

337 2535 438 2570 Hab.
468 2536 507 2569 in
540 2535 731 2579 glareosis
762 2535 875 2570 ssuvii
907 2535 1016 2570 Nahr
1047 2534 1151 2580 Syad
1189 2533 1289 2568 infra
1321 2544 1465 2580 pagum
1493 2532 1642 2568 Ursusa
1678 2534 1822 2567 montis
1845 2534 1987 2568 Amani

290 2581 415 2628 Syriae
436 2582 518 2618 bor.
536 2583 615 2617 aco*
634 2584 725 2628 (ΚΥ.
744 2583 863 2617 1281).

337 2638 474 2672 Ramts
494 2641 601 2684 parte
622 2638 818 2672 denudata
836 2636 1082 2683 2-3-pollices
1098 2636 1223 2681 longis
1242 2636 1407 2681 insigne⁷
1426 2635 1709 2670 fruticulosum.
1728 2635 1790 2669 Ab
1804 2635 1988 2670 omnibus

290 2684 340 2720 A.
358 2685 510 2720 venusti
527 2686 662 2719 formis
681 2684 822 2720 rosulis
843 2683 1112 2729 oligophyllis7
1141 2684 1245 2718 foliis
1272 2683 1445 2718 carnosis
1472 2682 1678 2727 fragilibus
1704 2682 1902 2727 niqui-tris
1924 2682 1989 2718 0-8

290 2731 416 2766 lineas
441 2732 567 2766 rarius
587 2732 767 2777 pollicem
797 2732 934 2776 longis,
969 2732 1075 2776 spica
1101 2731 1218 2773 longa
1240 2733 1340 2765 recta
1360 2728 1605 2775 semipedali,
1628 2728 1789 2775 spiculis
1809 2729 1859 2764 ob
1881 2729 1986 2764 brac-

291 2781 373 2814 teas
391 2780 564 2813 internas
585 2782 690 2813 arcte
709 2779 939 2813 convolutas
961 2779 1252 2823 angustioribus
1278 2783 1313 2812 et
1345 2777 1560 2823 praesertim
1588 2776 1732 2820 calycis
1758 2776 1848 2820 (572
1867 2776 1988 2811 lineas

291 2824 418 2871 longi)
437 2825 562 2861 limbo
583 2825 666 2860 tubi
686 2826 936 2871 proportione
957 2825 1082 2860 multo
1102 2825 1280 2860 breviore
1299 2825 1542 2859 distinctum.

351 2923 418 2966 19.
448 2926 505 2968 A.
532 2928 822 2979 petraeum
849 2923 1008 2973 (Boiss.
1036 2927 1077 2965 et
1100 2925 1274 2966 Haussk
1298 2924 1446 2966 Sciied.
1476 2924 1527 2976 pl.
1555 2920 1683 2963 1867.
1715 2944 1770 2953 —
1798 2922 1881 2975 ssge
1906 2922 1980 2964 loe.

291 2984 360 3026 cit.
397 2997 435 3038 p.
476 2985 551 3039 28)
584 2985 718 3026 dense
753 2984 1015 3037 cespitosum
1046 2984 1259 3036 glaucum,
1297 2984 1428 3025 ramis
1459 2981 1730 3024 brevissimis
1764 2982 1985 3032 confertis,
