2065 3271
157 207 387 255 Euphorbza
396 236 405 244 .
869 216 1212 245 EupnonmacEAE.
1783 219 1877 260 1097

204 287 304 324 Hab.
336 287 388 324 ad
417 298 542 334 aquas
573 288 613 323 in
641 287 816 332 Phrygia
849 289 887 322 et
916 287 1048 333 Lydia
1080 288 1232 331 (Boissl
1264 289 1385 334 Ball),
1420 290 1560 326 Cilicia
1592 293 1641 328 ad
1677 295 1875 338 Ermenek

155 335 347 380 (Peronl),
376 335 492 380 Syria
516 335 602 370 bor.
619 334 671 369 ad
689 333 870 370 Marasch
894 335 932 369 et
954 335 1101 371 Aintab
1119 335 1349 381 (Hausskl),
1376 338 1456 372 Ant
1476 337 1609 374 libano
1643 341 1765 385 (Ehrl
1797 345 1874 392 Ky,

154 383 274 428 1111),
295 382 456 427 Assyria
479 382 572 426 (Ky.
593 381 708 425 3671).
793 382 964 416 ecimina
983 392 1031 417 ex
1052 383 1289 419 Marienfeld
1309 384 1506 419 Kaclietiae
1530 385 1875 431 Transcaucasicae

155 429 230 465 sub
251 429 296 464 E.
315 426 485 476 procerd
508 429 559 464 ab
579 427 768 463 Hohenac
800 438 840 463 er
857 427 1068 464 distributa
1088 429 1165 465 huo
1183 441 1341 477 quoque
1362 433 1537 476 spectare
1558 433 1755 473 videntur.

205 492 352 528 Caules
371 492 661 539 5-10-pedales,
688 492 816 527 affinis
841 491 886 528 Ε.
903 492 1038 539 pz'losoe
1066 493 1196 529 differt
1227 494 1334 530 soliis
1363 494 1494 540 longis
1527 500 1706 542 angustis
1734 503 1858 542 acutis

155 539 278 585 simis,
295 540 484 586 panicula
504 539 637 586 ampla
655 539 840 585 elongata
860 549 930 574 nec
951 540 1424 585 corymboso-contracta.

813 652 847 688 2.
874 652 1034 700 Species
1054 664 1208 690 annuae.

218 735 286 777 31.
321 735 375 778 E.
401 736 622 789 arguta
645 733 840 788 (Soland.
866 734 906 776 in
933 734 1063 778 Russ.
1086 735 1242 790 Alepp.
1270 736 1322 785 ΙΙ,
1352 749 1390 791 p.
1423 738 1528 793 259)
1557 751 1700 784 annua
1728 746 1874 796 patule

158 797 200 836 et
225 794 413 837 molliter
436 793 654 847 bispidula
680 793 974 846 glaucescens,
995 795 1118 837 caule
1136 798 1279 837 erecto
1302 796 1343 837 in
1374 796 1605 839 umbellam
1633 801 1872 855 simplicem

160 853 225 895 vel
252 853 414 906 saepius
439 852 481 894 in
524 852 764 906 paniculam
801 852 1003 903 abeunte,
1038 853 1149 895 foliis
1185 857 1337 907 argute
1371 859 1412 897 et
1449 857 1661 908 profunde
1690 864 1873 907 serratis

157 912 354 965 oblongis
394 915 436 954 et
469 911 930 964 oblongo-lanceolatis
963 911 1127 953 infimis
1162 913 1332 955 obtusis
1369 914 1410 955 in
1450 916 1658 967 petiolum
1694 919 1871 967 brevem

158 971 392 1014 attenuatis
416 970 585 1013 caeteris
611 969 842 1012 sessilibus
873 970 1024 1019 acutis,
1050 970 1247 1012 umbellae
1281 972 1413 1014 radiis
1444 974 1520 1015 3-5
1558 978 1690 1019 semel
1715 979 1781 1021 vel
1807 979 1873 1024 bis

158 1029 377 1080 3-5-fidis,
412 1029 526 1072 foliis
558 1028 785 1071 floralibus
819 1029 967 1081 parvis
996 1029 1384 1081 rhombeo-ovatis,
1411 1031 1624 1076 involucri
1661 1037 1873 1084 turbinati

157 1092 286 1131 extus
306 1089 445 1142 glabri
466 1088 584 1130 intus
602 1087 685 1130 sub
702 1086 921 1140 glandulis
945 1087 1119 1142 pilosuli
1140 1088 1249 1130 lobis
1268 1088 1461 1133 breviter
1480 1093 1619 1134 ovatis
1639 1093 1873 1142 fimbriato·

159 1147 359 1197 dentatis,
378 1147 566 1201 capsulae
585 1147 809 1200 sphaericae
828 1146 1049 1199 depressae
1068 1146 1152 1189 sub
1172 1148 1286 1189 lente
1311 1150 1614 1201 puncliculatae
1636 1153 1872 1201 trisulcalae

157 1206 292 1249 coccis
331 1205 589 1255 rotundatis,
629 1205 796 1249 semine
843 1206 1054 1259 spbaerico
1096 1205 1310 1258 brunum,
1359 1210 1593 1252 caruncula
1637 1213 1872 1260 orbissulari

158 1265 367 1320 depressa
390 1269 454 1315 Ε).
479 1265 535 1308 Ic.
561 1264 621 1307 Fl.
647 1263 786 1307 Graec.
819 1263 868 1316 V,
898 1264 984 1307 tab.
1014 1265 1114 1308 468.
1144 1290 1200 1296 —
1228 1265 1277 1307 Ε.
1302 1267 1660 1320 calendzcloefolia
1687 1270 1781 1314 Del.
1809 1273 1867 1319 Fl.

160 1324 232 1378 Eg.
257 1324 342 1367 lab.
363 1325 431 1370 30,
455 1324 524 1377 fig.
549 1325 587 1366 1.

208 1399 310 1435 Hah.
335 1400 376 1435 in
397 1399 527 1444 cultim
552 1398 850 1446 Peloponnesus
877 1398 918 1434 in
943 1398 1115 1434 Arcadia
1140 1399 1312 1445 (Bory!)‚
1346 1400 1502 1447 Cyprus
1528 1402 1707 1450 (Sibth.)‚
1736 1405 1875 1447 Cilicia

158 1446 306 1491 (Ball),
338 1446 455 1492 Syria
485 1446 670 1482 littoralis
701 1445 784 1491 (Bll
812 1445 966 1492 Gailll),
995 1446 1196 1482 Palestina
1226 1446 1405 1492 (Boissi),
1437 1448 1615 1496 Egyptus
1648 1451 1812 1491 inferior
1840 1457 1878 1494 et

158 1494 340 1540 superior
358 1493 475 1540 (Del.‚
492 1493 602 1529 Siebl
620 1493 752 1529 Boiss!
775 1494 874 1540 etc),
895 1494 935 1529 in
954 1493 1051 1530 Oasi
1068 1493 1220 1530 Dachel
1241 1494 1410 1540 (Aschl).

206 1557 344 1594 Facies
367 1556 412 1593 E.
430 1555 674 1604 kelz'oscopiae
691 1555 762 1592 sed
780 1556 908 1591 laxior
925 1558 964 1592 et
980 1558 1189 1603 procerior,
1208 1557 1305 1593 folia
1323 1557 1477 1594 floralia
1495 1560 1661 1597 minora,

221 1674 288 1715 312.
323 1673 382 1715 E.
413 1672 734 1729 eriophora
760 1672 922 1728 (Boiss.
956 1673 1111 1727 Diagn.
1150 1673 1244 1717 Ser.
1275 1673 1308 1727 Ι,
1345 1676 1385 1729 5,
1420 1687 1460 1730 p.
1499 1676 1575 1732 51)
1603 1689 1748 1722 annua
1786 1683 1874 1728 tota

160 1732 348 1776 molliter
382 1731 553 1786 hispida
589 1732 750 1786 grisea,
785 1733 907 1775 caule
943 1737 1088 1775 erecto
1119 1733 1272 1775 humili
1308 1746 1363 1777 ex
1390 1734 1531 1777 axillis
1568 1738 1872 1790 superioribus

156 1791 379 1835 ramuloso
403 1791 599 1834 breviter
626 1790 884 1845 paniculato,
908 1791 1022 1835 foliis
1047 1792 1276 1835 sessilihus
1300 1792 1392 1836 basi
1415 1795 1651 1838 attenuatis
1670 1795 1874 1852 oblongo-

158 1850 407 1894 lanceolatis
431 1850 570 1893 acutis
592 1850 758 1893 minute
779 1849 1070 1901 denticulatis,
1094 1851 1322 1894 floralibus
1341 1853 1686 1907 ovato-oblongis
1711 1858 1872 1902 acumi-

158 1909 269 1953 natis
292 1910 362 1952 vel
384 1909 672 1960 mucronatis,
693 1908 982 1952 umbellarum
1009 1910 1143 1953 radiis
1167 1910 1306 1954 ternis
1334 1911 1400 1954 bis
1426 1912 1495 1954 vel
1523 1915 1592 1955 ter
1616 1912 1872 1961 dichotomis

156 1969 332 2023 patulis,
368 1969 586 2011 involucri
632 1968 806 2022 parvuli
842 1968 1055 2011 turbinati
1096 1968 1234 2023 glabri
1277 1969 1396 2013 intus
1433 1971 1537 2014 hirti
1577 1971 1690 2016 iobis
1731 1975 1872 2020 ovalis

153 2028 367 2070 truncatis
400 2027 814 2079 fimbriato-laceris,
846 2027 1067 2081 glandulis
1095 2028 1301 2081 stipitatis
1336 2032 1592 2074 transverse
1626 2032 1871 2079 reniformi·

152 2086 349 2140 oblongis
374 2086 567 2139 margine
585 2086 816 2140 superiore
832 2087 1040 2138 arcuatis,
1063 2087 1252 2140 capsulae
1271 2088 1460 2141 globosae
1483 2088 1703 2144 depressae
1723 2094 1873 2146 patule

150 2145 328 2188 hIrtulae
367 2145 505 2188 coccis
548 2144 810 2194 rotundatis,
854 2145 1020 2188 semine
1066 2146 1280 2200 sphaerico
1322 2147 1450 2189 caesio
1501 2148 1869 2205 fusco-punctulo,

151 2204 387 2248 caruncula
421 2204 542 2247 nulla
571 2208 637 2255 Θ.
687 2203 826 2247 Boiss.
864 2205 1007 2258 Eupli.
1046 2203 1104 2247 Ic.
1142 2205 1227 2247 tab.
1265 2206 1335 2248 68.
1362 2231 1417 2237 --
1460 2206 1505 2248 Ε.
1543 2206 1793 2262 lasiocarpa
1828 2210 1870 2257 C..

149 2263 270 2306 Koch
295 2263 421 2306 Linn.
448 2262 566 2313 XXI,
590 2275 629 2318 p.
656 2263 756 2305 7⁴21.

198 2335 300 2372 Hab.
319 2336 358 2372 in
378 2335 495 2372 cultis
512 2335 709 2372 derelictis
729 2336 856 2372 Cariae
873 2335 1072 2372 interioris
1090 2335 1273 2383 (Boissl)‚
1311 2337 1494 2384 Phrygiae
1513 2337 1616 2383 (Bal.
1634 2339 1752 2387 1842),
1773 2341 1875 2382 Pisi.

149 2382 228 2418 diae
247 2383 440 2429 (Heldrl),
458 2383 656 2419 Armeniae
675 2383 853 2419 Turcicae
875 2382 936 2428 (C.
954 2383 1088 2437 Kocb!
1107 2383 1291 2438 BourgU,
1309 2384 1433 2430 Syriae
1452 2384 1628 2438 borealis
1643 2386 1694 2423 ad
1713 2389 1873 2440 Aintab,

154 2430 269 2466 Nisib
289 2430 439 2476 (Auchi
457 2430 670 2475 Hausskl),
690 2431 837 2466 Perslae
855 2430 1091 2476 Babyloniae
1110 2430 1293 2467 finitimae
1313 2431 1362 2467 ad
1382 2431 1540 2467 Kirrmd
1561 2433 1712 2480 (Noel).

202 2493 475 2578 Semifkedalis,
503 2493 602 2530 folia
618 2495 771 2541 majora
789 2493 1131 2541 1-1¹l2-pollicaria
1156 2494 1221 2531 5-6
1242 2494 1311 2531 lin.
1332 2494 1424 2540 lata,
1446 2494 1610 2542 capsula
1632 2506 1765 2544 magn.
1783 2499 1872 2548 pisi,

147 2539 288 2578 Facies
349 2569 358 2578 .
375 2541 539 2579 lanatoe.

210 2656 278 2699 33.
312 2655 370 2700 E.
391 2654 749 2700 Gaillardoti
771 2655 935 2713 (Boiss.
956 2659 1000 2699 et
1022 2655 1086 2699 Bl.
1116 2656 1266 2710 Diagn.
1295 2656 1388 2701 Ser.
1421 2656 1476 2706 11.
1504 2659 1545 2711 4,
1571 2670 1610 2712 p.
1634 2658 1712 2714 84)
1730 2673 1874 2710 ωιηυα

144 2715 298 2770 glabra
333 2716 628 2768 glaucescens.
666 2716 789 2759 caule
815 2718 962 2759 erecto
997 2715 1121 2758 brevi
1150 2716 1232 2759 sub
1263 2716 1451 2759 umbella
1478 2717 1699 2760 ramuloso
1737 2721 1871 2766 ramis

151 2774 441 2829 umbellaeque
459 2774 593 2817 radiis
611 2774 758 2829 quinis
782 2774 960 2818 demum
981 2774 1107 2817 valde
1133 2774 1345 2828 elongatis
1368 2775 1612 2818 dichotome
1635 2780 1677 2819 et
1702 2778 1871 2832 pluries

150 2833 476 2885 ramosissimis,
497 2832 612 2876 foliis
638 2833 960 2877 subsessilibus
984 2846 1008 2876 a
1029 2833 1124 2876 basi
1148 2836 1371 2877 attenuata
1399 2834 1870 2888 elliptico-lanceolatls

144 2891 286 2936 acutis
322 2891 552 2935 serrulatis
581 2891 757 2935 demum
782 2892 965 2936 deflexis
1002 2895 1045 2936 et
1075 2893 1159 2936 cito
1185 2892 1395 2945 deciduis,
1427 2893 1746 2939 umbellaribus
1772 2906 1874 2942 con·

145 2950 382 3004 tormibus,
418 2949 648 2994 floralibus
681 2950 1026 2995 suborbiculatis
1053 2952 1321 2996 mucronatis
1354 2952 1408 2995 ob
1437 2951 1681 2995 internodia
1716 2953 1874 3002 abbre-

1677 3027 1724 3065 70
