2100 3262
303 206 397 243 1058
1014 216 1298 244 SANTALACEAE.
1845 208 2004 257 Oxyrs's.

698 408 863 457 om).
910 409 1048 458 CVI.
1100 409 1610 458 SANTALACEAE.

796 540 863 596 (R.
886 542 959 584 Br.
989 541 1145 585 Prodr.
1171 541 1222 584 N.
1248 542 1357 585 Holl.
1387 543 1507 599 350.)

360 677 511 720 Flores
550 677 891 731 hermapliroditi
934 678 1003 721 vel
1040 678 1428 733 polygamo-dioici.
1471 678 1749 734 Perigonium
1788 693 1999 736 superum

302 735 581 778 3-4-5-fidum
616 737 885 780 aestivatione
913 739 1133 780 valvatum
1170 737 1271 781 tubo
1306 752 1329 780 a
1369 739 1577 792 pedicello
1606 749 1692 782 non
1725 739 1925 783 distincto
1958 745 2001 784 et

301 795 449 837 ovario
485 795 584 848 plus
617 794 761 838 minus
794 800 990 839 connato.
1029 795 1221 839 Stamina
1260 798 1331 838 4-5
1364 797 1458 840 basi
1497 798 1751 842 laciniarum
1790 799 1999 853 perigonii

300 852 466 897 inserta
493 853 645 909 eisque
672 855 884 908 opposita.
913 855 1121 899 Ovarium
1145 856 1334 898 inferum
1365 856 1631 898 uniloculare
1666 856 1998 912 2·4-0i'ulatum,

301 913 429 955 ovula
450 913 502 955 ad
520 914 682 967 apicem
701 914 908 967 placentae
930 914 1132 958 centralis
1149 915 1274 958 affixa
1293 915 1482 970 pendula
1498 914 1549 957 ad
1570 915 1786 959 nucellum
1804 916 1996 960 reducta.

301 970 452 1024 Stylus
479 971 682 1026 simplex,
707 974 905 1027 stigmata
932 974 1018 1016 1-4.
1054 972 1243 1016 Fructus
1269 977 1630 1018 nucamentaceus
1662 975 1728 1018 vel
1753 976 1998 1030 drupaceus

301 1042 651 1085 monospermus,
681 1031 885 1075 albumen
923 1044 1169 1083 carnosum,
1199 1032 1377 1087 embryo
1416 1033 1531 1076 intra
1563 1034 1729 1087 apicem
1765 1034 1999 1078 albuminis

299 1092 446 1133 rectus
473 1090 637 1142 brevis,
663 1091 856 1135 radicula
882 1091 1018 1135 hilum
1042 1094 1257 1145 spectans.

856 1288 1035 1338 osvstts
1071 1288 1137 1347 (L.
1173 1289 1272 1338 Gen.
1307 1288 1457 1348 ΗΜ).

355 1436 506 1480 Flores
533 1436 657 1480 dioici
687 1438 754 1479 vel
781 1437 1008 1492 polygami.
1056 1436 1335 1490 Perigonium
1377 1437 1683 1491 att-partitum
1721 1437 1831 1480 iobis
1858 1438 1997 1482 ovatis

297 1497 434 1539 acutis
468 1497 641 1540 caducis
675 1496 778 1539 tubo
806 1497 848 1539 in
878 1508 1005 1539 masc.
1032 1496 1194 1550 gracili,
1234 1496 1278 1539 in
1321 1497 1418 1540 sem.
1446 1497 1665 1539 obconico.
1708 1496 1863 1540 Discus
1898 1509 1997 1540 con-

295 1555 553 1598 cavuslobis
571 1556 818 1598 rotundatis
847 1559 1011 1610 partem
1036 1567 1243 1609 superam
1259 1554 1528 1610 etintegram
1555 1555 1763 1609 perigonii
1789 1556 1994 1599 vest-iens.

297 1614 485 1657 Stamina
513 1616 588 1657 3-4
615 1615 666 1657 ad
695 1615 911 1668 margines
939 1614 1045 1658 disci
1082 1614 1246 1657 inserta
1282 1614 1515 1658 filamentis
1552 1614 1777 1668 brevibus,
1805 1615 1996 1659 antherae

295 1673 567 1717 biloculares.
606 1673 813 1717 Ovariurn
841 1685 1072 1717 carnosum
1098 1674 1299 1724 inferum,
1336 1673 1477 1728 stylus
1499 1673 1659 1723 brevis,
1697 1674 1896 1727 stigmata
1921 1675 1996 1717 3-4

296 1732 404 1775 lobis
427 1732 639 1787 perigonii
663 1733 840 1776 alterna.
866 1733 1069 1776 Placenta
1092 1733 1135 1774 in
1160 1734 1345 1776 cavitate
1376 1733 1552 1775 minima
1577 1733 1712 1776 ovarii
1738 1732 1994 1776 brevissima

294 1792 413 1846 apice
440 1793 515 1834 3-4
537 1792 665 1835 ovula
699 1804 867 1845 gerens.
908 1791 1059 1847 Drupa
1097 1791 1209 1835 sicca
1239 1791 1619 1845 ovoideo-globosa
1653 1791 1847 1846 vestigiis
1879 1792 1997 1835 lobo-

293 1863 390 1892 rum
425 1855 467 1893 et
497 1852 603 1894 disci
641 1855 857 1895 coronata.
904 1850 1060 1894 Semen
1095 1850 1281 1906 drupam
1311 1851 1513 1906 implens,
1547 1851 1769 1895 albumine
1800 1850 1990 1904 copioso,

293 1910 530 1964 embryone
555 1912 599 1953 in
622 1915 746 1964 parte
771 1909 990 1965 superiori
1018 1909 1155 1962 brevi,
1178 1910 1372 1954 radicula
1403 1911 1582 1965 supera.
1622 1934 1670 1940 —
1703 1909 1898 1953 Frutices
1927 1909 1995 1953 vel

293 1969 473 2014 arbores
501 1970 633 2013 ram1s
659 1970 886 2024 angulatis,
922 1970 1106 2012 floribus
1141 1970 1345 2013 masculis
1379 1969 1423 2011 in
1458 1970 1578 2024 apice
1607 1968 1868 2024 pedunculis
1893 1980 1994 2012 con-

293 2029 441 2081 gestis,
465 2028 662 2072 semineis
685 2029 891 2072 solitariis
918 2030 987 2071 vel
1016 2027 1178 2081 paucis.

354 2149 390 2190 1.
425 2148 486 2191 0.
520 2150 658 2193 alba
684 2148 751 2204 (L.
786 2148 857 2203 Sp.
891 2149 1022 2205 1450)
1057 2148 1263 2192 fruticosa
1298 2148 1640 2203 sempervirens‚
1676 2148 1790 2191 foliis
1826 2149 1994 2192 lineari·

293 2207 541 2250 lanceolatis
569 2208 773 2251 coriaceis
809 2209 946 2252 acutis
973 2209 1041 2251 vel
1076 2209 1355 2259 mucronatis‚
1387 2207 1710 2251 inflorescentia
1743 2212 1925 2261 anguste
1951 2210 1995 2251 et

291 2266 417 2320 longe
446 2270 678 2319 racemosa,
703 2267 839 2321 cymis
865 2268 905 2310 in
943 2267 1011 2310 axi
1046 2267 1206 2310 racemi
1238 2267 1491 2310 lateralibus
1514 2266 1718 2309 masculis
1743 2267 1993 2311 multifloris

291 2325 475 2368 floribus
521 2327 805 2380 pedicellatis,
855 2327 1053 2369 femIneis
1102 2326 1398 2380 1-paucissoris
1438 2325 1624 2368 floribus
1663 2326 1992 2379 subsessilibus,

290 2383 477 2428 brac-tels
504 2386 692 2437 caducis,
725 2386 947 2439 perigonio
974 2385 1148 2437 trilob0‚
1185 2386 1326 2441 drupa
1358 2384 1534 2428 tandem
1568 2384 1705 2427 rubra
1731 2385 1922 2429 coriacca
1947 2389 1987 2436 5.

293 2442 410 2486 Lam.
439 2445 494 2486 lc.
520 2445 604 2488 tab.
625 2447 724 2488 8002.
751 2468 808 2474 —-
836 2444 967 2488 Rchb.
991 2445 1046 2487 Ic.
1071 2443 1219 2488 Germ.
1249 2445 1331 2487 tab.
1362 2445 1460 2487 518.

338 2519 438 2555 Hal).
464 2520 504 2556 in
521 2520 711 2556 fruticetis
735 2520 909 2565 regionis
932 2518 1141 2565 inferioris,
1160 2520 1313 2555 Graecia
1340 2520 1376 2554 et
1402 2519 1486 2565 ejus
1511 2517 1679 2563 insulae!,
1708 2516 1941 2553 Macedonia
1957 2519 1995 2554 et

290 2564 459 2602 Thracia
477 2568 687 2613 (Grisebl),
716 2568 830 2602 Creta
848 2567 1009 2613 (Siebl),
1031 2566 1222 2602 Anatolia
1245 2565 1431 2602 littoralis
1452 2576 1477 2601 a
1498 2565 1689 2611 Bithynia
1714 2565 1918 2611 (Thirket)
1943 2563 1993 2601 ad

291 2613 472 2650 Ciliciam
489 2615 628 2660 (Ball),
646 2615 763 2659 Syria
778 2614 963 2650 littoraiis
985 2613 1107 2659 (Labi
1133 2613 1242 2649 Gaill
1256 2615 1293 2659 Ι),
1315 2612 1520 2649 Palestina
1538 2612 1715 2658 (Boissl).

335 2680 397 2714 Ar.
417 2677 548 2724 Geogr.
577 2678 738 2724 Europa
758 2677 952 2724 australis,
969 2677 1100 2713 Africa
1121 2676 1304 2713 borealis.

337 2742 422 2778 Ohs.
449 2741 659 2787 Specimen
679 2741 815 2787 junius
849 2742 886 2776 et
916 2740 1203 2786 incompletum
1234 2739 1362 2776 habeo
1387 2737 1564 2786 Osyrz’dz's
1592 2739 1633 2774 in
1660 2737 1861 2774 montibus
1891 2735 1994 2773 Hala

288 2789 529 2825 Belutscliiae
555 2789 621 2824 alt.
638 2788 743 2826 5000'
765 2798 789 2823 a
816 2787 861 2824 cl.
882 2786 1023 2823 Stocks
1049 2788 1162 2824 lectae
1186 2797 1276 2835 quae
1308 2786 1420 2834 prob.
1447 2785 1496 2822 ad
1522 2784 1564 2822 Ο.
1589 2784 1800 2823 arboream
1828 2783 1995 2821 Wallich

292 2836 497 2872 referenda
515 2840 582 2872 est.
