2065 3271
80 177 263 215 Onosma.
794 181 1080 208 BoanAGmEAE.
1720 171 1789 206 191

76 258 203 295 chiam
223 256 287 301 (Bl
300 259 337 300 l),
355 255 540 291 Sidonem
566 257 604 290 et
626 253 824 290 Libanum
850 254 1027 299 (Gauii),
1047 253 1325 289 Antilibanum
1347 253 1396 289 ad
1421 252 1599 289 Ainhata
1617 252 1792 297 (Gailll),

77 304 274 342 palestina
291 303 340 339 ad
358 303 505 338 Banias
524 305 561 337 et
578 302 617 337 in
638 301 820 338 Carmelo
838 301 1018 346 ⁸*Boissl).
1037 301 1082 337 Fl
1117 311 1226 337 vere.

124 368 278 415 Species
310 366 473 413 pulchra
506 366 629 402 ramis
666 365 991 412 semipedalibus,
1019 365 1184 401 floribus
1219 366 1412 412 capitatis,
1442 365 1601 402 corollae
1634 375 1792 412 magnae

78 417 281 452 exsiccatae
300 424 406 461 saepe
425 413 590 449 rubellae
610 413 674 448 vel
696 413 970 449 violascentes.

140 530 207 572 27.
242 528 300 572 Ο.
340 528 856 584 strigosissimum
893 528 1054 583 (Boiss.
1098 528 1250 582 Diagn.
1293 528 1384 571 Ser.
1430 527 1459 581 l,
1498 530 1562 581 11,
1602 542 1642 583 p.
1691 530 1794 584 102)

80 590 185 633 setis
217 600 241 631 e
276 587 505 631 tuberculo
539 587 689 640 glabro
722 587 831 630 ortis
860 587 998 641 longis
1033 588 1285 642 patentibus
1313 588 1548 641 strigosum
1578 588 1693 630 inter
1715 600 1790 631 eas

79 648 292 703 glabrum,
331 659 354 688 a
390 646 498 690 collo
533 658 755 689 ramosum
792 647 927 688 ramis
965 648 1126 690 erectis
1165 651 1206 689 et.
1239 647 1578 690 ascendentibus
1610 648 1790 701 pumilis

81 707 272 758 foliosis,
313 706 427 749 foliis
465 704 732 748 radicalibus
771 705 1242 760 oblongo-spathulatis
1280 707 1323 748 in
1365 707 1569 760 petiolum
1612 707 1790 749 brevem

79 765 328 818 attenuatis,
354 764 537 808 caulinis
563 765 759 807 breviter
780 765 1043 810 lanceolatiS.
1065 777 1237 808 racemo
1262 765 1424 818 saepius
1448 765 1581 808 bifido
1606 766 1790 819 capitato

78 825 302 869 fructifero
327 825 398 866 vix
426 824 639 877 elongato,
672 824 817 877 calyce
852 828 996 867 setoso
1022 824 1248 867 fructifero
1279 824 1402 867 valde
1429 829 1597 867 accreto
1625 825 1792 867 laciniis

80 884 342 933 lanceolalis,
381 883 543 926 corolla
580 883 730 936 glabra
770 885 884 926 flava
923 895 1116 937 superne
1159 883 1363 937 ampliata
1406 884 1551 936 calyce
1596 883 1789 927 florifero

80 943 425 998 sesquilongiore
460 942 570 985 lobis
606 943 755 995 parvis
783 942 1128 996 triangularibus
1164 942 1339 985 demum
1378 942 1568 992 reflexis,
1595 943 1790 985 nectario

79 1003 241 1056 glabro,
267 1001 462 1044 antheris
486 1002 606 1055 apice
631 1002 834 1054 exsertis,
867 1002 1038 1045 nuculis
1073 1002 1238 1056 magnis
1265 1002 1458 1055 globosis
1479 1002 1617 1044 acutis
1645 1001 1792 1043 nitidis

82 1061 292 1104 malleatis
315 1061 508 1104 obsolete
532 1061 1084 1114 granuloso-tubercuiatis
1123 1067 1184 1108 26.

128 1135 227 1172 Hab.
240 1136 279 1171 in
295 1134 533 1181 Pamphylia
543 1134 689 1179 (Pestal
700 1135 786 1180 l)‚in
799 1134 1045 1182 rupestribus
1057 1135 1267 1170 maritimis
1282 1135 1332 1171 ad
1346 1134 1489 1171 Adalia
1503 1134 1667 1180 (Bourg.
1679 1133 1800 1182 1881)ς

127 1197 382 1245 Semipedale,
404 1197 522 1234 valde
538 1198 654 1233 affine
675 1197 716 1234 O.
731 1198 968 1243 frutescentz'
981 1197 1051 1233 sed
1072 1197 1228 1234 differre
1247 1198 1404 1234 videtur
1422 1198 1524 1234 collo
1546 1207 1628 1233 non
1651 1197 1795 1233 suffru-

81 1245 519 1330 gelffizunggsspllligksislonge
538 1248 576 1281 et
598 1245 731 1292 patule
749 1245 930 1292 strigosis
956 1245 1057 1281 inter
1084 1247 1189 1281 setas
1212 1245 1377 1291 glabris,
1407 1245 1564 1281 nuculis
1599 1245 1797 1281 malleatis

139 1410 206 1452 28.
241 1408 300 1452 0.
331 1412 613 1465 rupestre
640 1409 767 1465 (ΜΒ.
801 1410 931 1453 Taur.
958 1409 1084 1453 Cauc.
1111 1410 1145 1461 Ι,
1172 1422 1212 1464 p.
1248 1410 1349 1465 132)
1375 1413 1514 1453 totum
1542 1411 1648 1453 setis
1676 1410 1787 1453 albis

82 1481 105 1512 e
133 1468 362 1512 tuberculo
389 1469 498 1511 ortis
527 1469 643 1523 pube
670 1469 790 1511 brevi
821 1469 1075 1512 intermixta
1102 1468 1323 1523 bispidum
1351 1470 1630 1512 cinerascens
1654 1469 1793 1524 pluri-

81 1529 219 1579 caule,
258 1527 456 1571 caulibus
499 1528 674 1582 pumilis
712 1528 851 1571 caesiis
879 1528 1219 1571 ascendentibus
1252 1528 1526 1583 simplicibus
1559 1529 1628 1571 vel
1664 1540 1792 1582 parce

81 1587 328 1638 ramulosis‚
351 1587 464 1630 foliis
492 1587 639 1640 parvis
666 1587 861 1630 breviter
896 1587 1337 1642 lineari-spatliulatis
1364 1588 1535 1631 obtusis
1562 1587 1789 1631 floralibus

83 1646 231 1696 acutis,
267 1658 438 1689 racemo
475 1646 660 1700 simplici
699 1646 766 1689 vel
806 1646 938 1689 bifido
979 1647 1062 1689 sub
1101 1647 1270 1690 anlihesi
1310 1646 1791 1701 scorpioideo-capitato

85 1706 260 1748 demum
297 1704 596 1758 subelongaw,
634 1706 794 1759 calycis
836 1705 1050 1749 fructiferi
1087 1707 1160 1748 vix
1199 1707 1356 1749 accrcti
1402 1707 1569 1749 laciniis
1608 1709 1792 1758 anguste

83 1764 335 1808 linearibus
361 1764 522 1808 corolla
544 1764 782 1818 cylindrica
806 1764 964 1807 ssavida
985 1765 1248 1808 brevissime
1273 1765 1468 1808 velutina
1493 1765 1637 1821 calyce
1666 1764 1795 1806 tertia

84 1828 206 1879 parte
228 1823 422 1877 longiore
443 1823 648 1867 dentibus
667 1824 1010 1877 triangularibus
1032 1824 1179 1873 rectis,
1205 1823 1395 1867 nectario
1414 1823 1580 1878 glabro.
1599 1823 1795 1866 antberis

84 1883 263 1926 inclusis
288 1882 512 1926 filamento
535 1884 619 1926 lato
644 1883 776 1938 duplo
801 1883 1088 1937 longioribus,
1108 1884 1283 1926 nuculis
1304 1883 1495 1926 minimis
1514 1882 1797 1935 triangulari-

83 1942 279 1996 oblongis
316 1941 501 1996 abrupte
540 1946 584 1985 et
619 1943 745 1997 longe
777 1943 962 1985 aculatis
1000 1941 1185 1986 laevibus
1230 1942 1381 1985 nitidis
1434 1949 1493 1989 ilfi.
1540 1943 1593 1986 Ic.
1645 1941 1791 1982 Lehm.

82 2001 169 2044 tab.
205 2002 264 2043 12.
292 2025 343 2032 -
373 2001 417 2044 Ο.
437 2001 724 2055 tenuiflorum
750 2001 897 2044 Willd.
924 2001 996 2056 Sp.
1025 2002 1056 2055 Ι,
1081 2015 1120 2056 p.
1147 2003 1242 2044 775.
1274 2028 1317 2032 ·—
1341 2002 1385 2045 Ο.
1411 1999 1626 2054 diffusum
1655 1999 1791 2042 Boiss.

84 2060 126 2102 in
152 2060 263 2104 Huet
292 2062 346 2115 pl.
373 2073 462 2103 exs.
488 2061 646 2115 (forma
673 2061 966 2114 subramosa).

130 2133 230 2169 Hab.
263 2135 301 2170 in
334 2134 579 2181 rupestribus
603 2134 740 2170 Iberiae
768 2136 991 2171 Caucasicae
1019 2135 1118 2171 circa
1147 2135 1259 2171 Tiflis
1285 2135 1412 2179 (MR,
1438 2133 1602 2170 Hohen!
1635 2133 1667 2169 R
1728 2134 1794 2175 rll,

83 2179 268 2234 lmeretiae
286 2182 335 2218 ad
354 2181 570 2218 Boi-schom
589 2182 784 2226 (Radde!)‚
804 2183 1000 2218 Armeniae
1018 2182 1192 2218 Tureicae
1211 2183 1260 2218 ad
1282 2181 1458 2228 Bayazid
1484 2181 1629 2225 [Auch.
1647 2144 1793 2223 43831),

85 2232 183 2264 mter
199 2228 299 2276 lspir
316 2233 353 2265 et
368 2229 533 2265 Tortum
553 2229 720 2275 (Huetl),
735 2229 992 2277 Cappadociae
1011 2230 1062 2266 ad
1080 2230 1212 2267 rivum
1233 2229 1451 2275 Kamechly
1466 2229 1589 2265 Tcha'i
1609 2227 1743 2273 (Ball).

133 2291 272 2328 Caules
292 2292 583 2339 4-6·pollicares
604 2292 788 2329 fructiferi
807 2293 1004 2329 interdum
1024 2290 1302 2339 sublongiores
1319 2296 1358 2329 et
1372 2292 1501 2338 magis
1522 2291 1678 2329 ramosi,
1697 2290 1789 2326 folia

91 2338 170 2381 'lo-1
191 2339 375 2386 pollicem
395 2340 514 2386 longa
539 2340 558 2375 1
578 2341 667 2384 's2-2
685 2340 753 2376 lin.
777 2340 869 2385 lata,
886 2340 1034 2377 corolla
1059 2346 1231 2387 angusta
1258 2341 1367 2394 apice
1391 2341 1457 2374 vix
1485 2339 1650 2375 dilatata
1669 2339 1691 2374 5
1717 2338 1772 2372 lin

87 2384 215 2432 longa.
247 2387 400 2434 Species
430 2387 593 2432 elegans
616 2398 706 2424 cum
732 2387 843 2424 nulla
868 2388 946 2424 alia
976 2389 1051 2424 nisi
1082 2388 1218 2424 formis
1248 2388 1410 2423 minutis
1441 2386 1483 2423 Ο.
1521 2385 1795 2432 νηίωυερωηηί

86 2434 362 2471 commutanda
375 2446 398 2470 a
416 2435 561 2482 quibus
579 2439 710 2471 tamen
729 2436 888 2471 corollis
906 2436 1134 2482 cylindricis
1149 2433 1485 2481 angustis,calyce
1507 2434 1704 2471 fructifero
1725 2433 1792 2467 vix

87 2483 198 2517 aucto
216 2485 253 2517 et
271 2482 426 2518 nuculis
446 2482 564 2528 longe
586 2483 753 2519 acutatis
774 2483 1046 2530 distinguitur.

147 2599 213 2640 29.
247 2598 304 2642 Ο.
334 2599 837 2655 microspermum
869 2598 1006 2653 (Stev.
1037 2599 1079 2640 in
1105 2599 1213 2640 Holi.
1252 2597 1436 2651 Talyscli
1465 2609 1502 2650 p.
1537 2596 1611 2641 75)
1647 2599 1787 2637 totum

91 2657 193 2699 setis
230 2658 339 2700 albis
373 2659 534 2712 patulis
561 2670 583 2700 c
612 2659 840 2701 tuberculo
867 2659 1016 2711 glabro
1053 2657 1161 2700 ortis
1203 2658 1299 2709 plus
1339 2656 1485 2697 minus
1525 2654 1712 2708 copiosis
1747 2658 1790 2695 et

90 2715 243 2759 validis
284 2717 518 2770 strigosum
560 2718 646 2759 imo
683 2718 1067 2770 strigosissimum,
1105 2715 1301 2758 caulibus
1338 2714 1499 2768 szepius
1540 2714 1788 2755 numerosis

91 2775 424 2818 ascendentibus
448 2777 719 2830 simplicibus
746 2778 813 2819 vel
840 2776 1036 2820 ramosis.
1063 2775 1173 2819 foliis
1199 2774 1361 2827 saepius
1386 2772 1593 2815 brevibus
1615 2772 1793 2813 inferii»-

92 2832 211 2875 ribus
240 2834 676 2889 lineari-spatliulatis
703 2836 744 2877 in
775 2836 982 2889 petiolum
1006 2835 1241 2877 attenuatis
1265 2831 1571 2885 superioribus
1600 2836 1641 2872 et
1667 2831 1792 2871 flora-

94 2891 204 2934 libus
223 2893 416 2935 brevit-er
435 2894 696 2944 lanceolam,
717 2895 899 2937 racemis
915 2895 1087 2937 demum
1113 2893 1321 2945 elongatis
1346 2891 1614 2941 laxiusculis‚
1633 2890 1790 2941 calycis

93 2949 300 3000 fructiferi
326 2953 491 2995 modice
518 2955 672 2996 accreti
711 2954 875 2996 laciniis
903 2953 1164 3002 lanceolatis,
1196 2951 1352 2994 corollzi
1380 2950 1572 2991 breviter
1602 2949 1792 2990 velutina
