2065 3271
85 257 213 296 Noea.
787 261 1059 289 SALSOLACEAE.
1710 254 1780 290 965

84 342 139 385 ab
171 342 220 382 ea
259 339 505 381 charactere
539 336 664 380 nimis
689 337 900 380 artificiali
931 335 1108 378 seminis
1144 337 1358 381 verticalis
1387 350 1463 381 nec
1498 337 1777 382 horizontalis

90 402 260 444 tautum
289 396 551 438 distinctum.

685 499 696 511 ’
725 497 919 534 Perenncs
937 495 1189 532 fruticulosae.

151 593 186 633 1.
220 590 279 633 N.
307 589 731 644 spinosissima
763 590 909 645 (Lirin.
940 590 995 631 fil.
1024 589 1174 643 Suppl.
1202 601 1239 643 p.
1272 590 1371 645 173)
1399 592 1599 634 fruticosa
1627 591 1775 644 glabra

88 663 112 693 a
147 650 237 692 basi
272 661 506 702 squarrose
544 650 838 692 ramosissima
875 648 1005 691 ramis
1043 648 1198 690 erectis
1238 649 1384 701 rigidis
1421 662 1532 703 saepe
1571 649 1778 692 flexuosis

90 708 270 751 ramulis
312 708 555 760 patentibus
596 708 662 750 vel
702 706 1038 751 horizontalibus
1068 719 1091 748 a
1129 706 1217 748 basi
1254 707 1305 748 ad
1340 709 1530 750 medium
1567 707 1778 760 florigeris

88 767 208 821 apice
233 766 434 820 spinosiS,
466 766 573 809 foliis
600 766 777 809 alternis
803 764 1124 808 semiteretibus
1155 765 1428 808 filisormibus
1454 766 1779 814 mucroniilatis,

87 824 391 879 superloribus
415 824 674 868 abbreviatis
699 829 740 868 ct
773 824 943 866 tandem
968 824 1386 877 squamael‘ormibus‚
1411 825 1632 867 floralibus
1663 828 1708 866 ut
1738 827 1783 866 ct

89 884 315 927 bracteolae
337 895 358 924 a
381 882 472 924 basi
496 885 619 925 ovata
643 883 1107 937 triquetro-subulam&
1131 882 1311 924 ssoribus
1337 883 1378 924 iu
1409 882 1547 925 axillis
1572 882 1777 926 solitariis

86 943 141 986 ad
171 942 324 984 ramuli
345 941 464 984 basin
492 953 607 996 saepe
628 941 951 995 approximatis,
977 941 1196 994 perigenio
1224 940 1384 993 glabro,
1409 942 1597 982 antherae
1619 953 1778 994 appen-

87 1001 231 1043 dicula
258 1000 351 1053 eJus
387 1004 584 1054 quartam
620 1005 784 1053 partem
821 1004 1020 1054 aequante
1057 1000 1194 1045 acuta.
1235 999 1429 1053 perigoni
1466 1000 1669 1041 fructiferi
1700 999 1778 1041 alis

86 1059 283 1102 obovatis
305 1059 370 1100 vel
394 1058 588 1111 oblongis
612 1059 833 1113 perigenio
858 1059 951 1112 ipso
976 1057 1328 1110 sublongioribus
1349 1065 1384 1107 5.
1413 1057 1464 1100 N.
1494 1057 1779 1109 spinosisima

93 1118 200 1172 Moq.
227 1141 284 1147 —
312 1116 568 1168 Haloyetum
593 1116 926 1170 spinosissimas
954 1115 1052 1159 C.A.
1086 1116 1190 1170 Mey.
1226 1116 1299 1158 En.
1338 1129 1376 1171 p.
1407 1117 1500 1158 159.
1526 1140 1580 1145 ——
1615 1114 1784 1157 Solsola

93 1175 290 1219 Ede-inus
330 1176 478 1218 Labill.
514 1175 609 1229 Syr.
644 1176 744 1219 Dec.
782 1177 820 1223 2,
863 1189 904 1229 p.
930 1173 1000 1228 10,
1028 1176 1112 1217 tab.
1141 1177 1181 1217 5.
1208 1199 1267 1206 —
1292 1174 1384 1218 Del.
1419 1175 1490 1228 Eg.
1530 1175 1611 1216 tab.
1639 1175 1706 1215 21.
1730 1198 1783 1204 -

89 1234 260 1279 Salsola
285 1233 483 1287 spinifeas
512 1233 611 1277 Pall.
637 1234 698 1276 Ill.
724 1234 807 1277 tab.
844 1236 911 1276 24.
943 1257 991 1264 -
1017 1233 1188 1276 Salsola
1220 1236 1481 1277 mucronata
1516 1233 1668 1275 Forsk.
1705 1232 1780 1286 Eg.

93 1294 225 1337 Arab.
253 1307 293 1348 p.
319 1295 390 1336 56.

142 1368 242 1404 Hah.
265 1369 304 1403 in
325 1366 569 1413 rupestribus
586 1367 697 1402 siccis
716 1367 887 1412 regionis
908 1366 1104 1403 inferioris
1121 1369 1318 1403 montanae
1339 1369 1376 1402 et
1400 1366 1634 1413 subalpinae,
1656 1365 1786 1400 Attica

93 1416 134 1451 in
154 1426 277 1461 prom.
297 1414 419 1449 Sunio
441 1416 478 1449 et
498 1413 686 1458 Cyclades
701 1413 873 1459 (Boryl)‚
893 1414 1076 1449 Anatolia
1092 1414 1174 1450 bor.
1189 1413 1368 1459 (Wied.)‚
1386 1413 1586 1459 Lycaonia
1600 1412 1786 1456 (Heldrl),

94 1462 341 1508 Cappadocia
359 1461 496 1505 (Ball),
526 1460 656 1506 Lydia
681 1461 720 1495 in
745 1463 875 1496 monte
896 1460 1033 1514 Sypilo
1053 1461 1235 1506 (Boiss!)‚
1267 1460 1455 1505 Libanus,
1477 1460 1730 1513 Antilibanus
1750 1460 1788 1494 et

92 1510 193 1545 cii-ca
220 1509 460 1544 Damascum
488 1507 666 1551 (Lahill.,
692 1506 789 1553 ΒΗ),
816 1507 1014 1542 Palestina
1032 1508 1159 1552 (Siebl
1181 1508 1337 1552 Rothi),
1362 1507 1540 1554 Egyptus
1562 1506 1723 1541 inferior
1741 1504 1789 1541 ad

95 1556 374 1591 Alexandriam
398 1555 513 1599 (Ehrl
536 1554 623 1590 Dell
646 1554 800 1590 Samar!
821 1554 977 1600 Gauii),
1005 1555 1191 1590 Armenia
1212 1555 1379 1590 Turcica
1398 1553 1625 1599 (Hausskl),
1644 1553 1790 1588 Trans-

93 1601 696 1694 fzaulcalsssau(C.1(x1.<Megvl2¹})Iol1l)‚
728 1602 861 1638 Persia
886 1602 968 1637 bor.
993 1602 1128 1647 (Szovl
1155 1602 1321 1647 Buhsel)
1354 1604 1390 1638 et
1419 1601 1603 1637 australis
1637 1600 1676 1635 in
1702 1599 1790 1646 alpe

135 1661 158 1685 u
248 1660 347 1685 aena
426 1660 460 1695 y.
519 1661 528 1683 t
596 1677 603 1684 .

153 1715 196 1769 β.
215 1714 410 1756 Immitis.
438 1738 492 1745 —
513 1714 719 1756 Erinacea
745 1714 951 1767 depressa
981 1714 1310 1768 3-5-pollicaris.

99 1789 244 1881 (Bililag.
264 1788 609 1881 irlilssxcelsioribus
632 1788 776 1824 Libani
797 1788 915 1832 (Ehrl
941 1788 1036 1834 ΒΗ),
1067 1790 1211 1825 montis
1237 1789 1361 1826 Gebel
1385 1788 1550 1825 Scheick
1571 1788 1790 1825 Antilibani

244 1847 281 1872 au
356 1865 362 1872 .

95 1937 110 1975 1
144 1892 275 1974 valmd
287 1893 415 1974 variatt
431 1894 592 1938 statura,
610 1892 729 1927 ramis
748 1891 840 1937 plus
858 1891 990 1927 minus
1011 1892 1153 1928 crassis
1174 1893 1286 1928 rectis
1304 1892 1369 1928 vel
1389 1892 1585 1937 tortuosis,
1603 1892 1790 1928 foliorum

115 1940 248 1985 ongitu
280 1940 353 1983 ine,
374 1949 393 1974 e
414 1949 444 1974 c.

141 2005 201 2039 Ar.
222 2003 352 2049 Geoqr.
383 2003 657 2049 Turcomania‚
676 2002 889 2049 Affghania
908 2003 1170 2050 occidentalis,
1188 2004 1386 2040 Barbaria.

156 2110 193 2151 2.
215 2109 278 2152 N.
309 2107 705 2152 Tournefortii
732 2108 890 2165 (Spach
910 2109 951 2151 in
969 2110 1049 2164 Ky.
1068 2121 1158 2153 exs.
1183 2109 1307 2165 Alcp.
1328 2109 1465 2153 Kurd.
1494 2109 1575 2152 sub
1597 2108 1786 2164 Salsold)

95 2168 372 2211 suffruticosa
401 2167 788 2221 scabro-puberula
813 2168 992 2211 inermis
1020 2169 1112 2212 basi
1140 2169 1452 2217 ramosissima‚
1481 2169 1612 2210 ramis
1636 2169 1792 2212 erectis

96 2227 308 2281 elongatis
341 2226 608 2280 simplicibus
646 2229 689 2269 et
726 2239 852 2280 parce
881 2227 1113 2270 ramulosis
1147 2230 1235 2271 tota
1269 2227 1538 2281 longitudine
1565 2227 1793 2280 florigeris,

98 2285 208 2329 foliis
245 2285 424 2329 alternis
460 2285 909 2329 lineari-filiformibus
953 2286 1162 2339 elongatis
1204 2286 1532 2338 mucronulatis,
1569 2286 1792 2329 floralibus

98 2344 337 2389 bracteolas
364 2343 636 2398 aequantibus
664 2345 731 2387 vel
758 2344 1156 2399 subsuperantibus
1182 2350 1229 2389 ut
1253 2357 1314 2388 eae
1340 2344 1792 2398 oblongo-lanceolatis

98 2404 315 2454 carinatis,
349 2403 530 2446 floribus
557 2403 762 2446 solitariis
786 2404 882 2446 laxe
912 2407 955 2448 et
991 2405 1116 2458 longe
1143 2405 1334 2459 spicatis,
1361 2406 1551 2448 antherae
1588 2403 1793 2458 appendi-

98 2465 194 2507 cula
222 2463 317 2517 ejus
351 2465 547 2517 quartam
580 2465 703 2515 parte
738 2462 1023 2516 stibaequante
1054 2466 1194 2514 acuta,
1224 2464 1433 2520 perigenii
1469 2463 1676 2506 fructiferi
1714 2462 1793 2504 alis

98 2520 496 2573 obatrato-oblongis
525 2520 697 2564 lacinias
716 2524 758 2564 et
778 2521 1018 2565 bracteolas
1038 2523 1169 2577 duplo
1193 2523 1503 2577 superantibus
1517 2530 1551 2570 5.
1575 2519 1792 2563 Anahasis

104 2579 407 2633 Toaeernefortefi
445 2579 570 2621 Jaub.
615 2583 658 2622 et
689 2579 762 2634 Sp.
795 2579 856 2622 Ill.
885 2581 970 2624 tab.
997 2583 1094 2624 132.
1124 2606 1175 2612 —
1201 2582 1318 2624 Noe'a
1351 2580 1655 2632 Tournesorte'i
1688 2580 1793 2634 Moq.

103 2652 176 2697 loc.
198 2641 266 2682 cit.
290 2640 388 2682 208.
411 2663 462 2668 —
482 2637 584 2680 Kalz·
601 2637 873 2690 fruticosum
891 2639 1132 2683 Armenmn
1146 2639 1259 2694 floro
1283 2651 1441 2692 magno
1464 2650 1703 2692 purpureo.

148 2713 248 2749 Hah.
265 2715 305 2749 in
322 2712 568 2759 rupestribus
585 2712 755 2758 regionis
773 2713 996 2760 subalpinae
1012 2716 1049 2750 et
1063 2714 1097 2750 al
1132 2715 1218 2760 ime,
1235 2714 1422 2750 Armenia
1437 2714 1611 2757 (Tourn.‚
1631 2713 1796 2759 Tchihl)

101 2763 139 2796 et
159 2761 198 2796 in
217 2760 319 2796 valle
339 2759 538 2795 Gotchkar
555 2758 646 2805 (Ky.
660 2758 780 2805 3541),
800 2759 901 2796 circa
918 2761 1065 2797 Baibut
1083 2726 1232 2807 (goul'g
1242 2764 1268 2807 l)
1287 2764 1324 2796 et
1341 2760 1587 2807 Cappadocia
1608 2761 1644 2794 in
1666 2764 1796 2796 monte

103 2806 438 2852 Masmeneudagh
468 2806 607 2851 (Ball),
638 2806 753 2852 Syria
784 2806 955 2844 borealis
985 2810 1022 2843 et
1054 2808 1244 2844 Cataonia
1279 2809 1319 2844 in
1351 2808 1549 2842 montibus
1577 2806 1798 2852 Ssoffdagm

103 2863 222 2901 prope
239 2854 434 2890 Adiaman
451 2855 488 2888 et
507 2853 670 2889 Malatia
688 2855 724 2889 et
745 2856 784 2890 in
804 2857 936 2890 monte
952 2855 1176 2902 Berytdagli
1195 2854 1425 2899 (Hausskl),
1443 2864 1554 2888 mons
1574 2854 1676 2888 Gara
1695 2854 1796 2889 Kur-

104 2901 282 2937 distaniae
296 2900 511 2946 (Ky.345!)‚
529 2903 681 2936 montes
693 2901 836 2937 Persiae
851 2902 974 2938 occid.
987 2913 1105 2949 supra
1121 2901 1414 2938 Kermanscbah
1427 2900 1567 2936 bffloo'
1578 2900 1757 2944 (Haussk
1767 2902 1795 2946 1)

105 2950 142 2984 et
159 2958 278 2995 prope
297 2947 455 2984 Kirriad
473 2948 575 2992 (Noe
593 2947 689 2983 1027
700 2949 736 2994 l).

151 3012 264 3049 Rami
283 3012 443 3049 floriferi
460 3011 624 3058 graciles
643 3011 802 3058 pedales
822 3014 860 3048 et
879 3012 1091 3060 longiores.
