2100 3262
298 227 369 263 488
961 229 1372 254 SCROPHULARIACEAE.
1744 219 2004 259 Pedz‘wlarzls.

301 311 355 353 Ic.
393 309 508 351 Stev.
548 308 656 350 Mon.
690 306 775 347 tab.
813 306 877 346 17.
904 328 955 333 —-
984 303 1032 345 P.
1068 302 1398 356 campulo-cipho
1436 302 1487 345 C.
1526 304 1644 346 Koch
1679 303 1804 346 Linn.
1845 305 2004 360 XXIII,

303 383 340 422 p.
366 369 464 410 6802.
492 392 546 398 —-
569 366 617 408 P.
642 363 875 417 Hacquetie:
900 362 944 404 C.
973 362 1092 404 Koch
1120 362 1243 404 Linn.
1269 362 1405 404 XVII.
1437 375 1477 416 p.
1508 364 1563 404 402
1590 375 1675 405 non
1703 362 1817 405 Graf

349 442 453 477 Hab.
475 442 525 479 in,
543 440 665 487 pratis
694 438 836 484 alpinis
862 439 900 472 et
925 436 1148 482 subalpinis
1175 436 1320 472 montis
1348 436 1580 482 Ylgasdagh
1609 437 1804 481 Anatoliai
1836 437 2005 474 borealis

299 489 474 535 (Wiedl),
497 488 611 524 Ponti
632 485 759 522 Lazici
776 495 895 530 supra
913 483 1196 528 Trapezuntem
1216 483 1307 529 (Ky.
1327 482 1464 530 Suppl.
1489 484 1604 528 7072),
1624 495 1744 530 supra
1767 484 2005 521 Khabackar

299 536 436 581 (Bali),
467 537 506 570 in
539 535 660 570 Guria
685 532 894 577 (Notum).
925 530 1100 565 Caucaso
1129 530 1248 565 occid.
1284 530 1394 574 (CA.
1426 530 1589 576 Meyer),
1623 532 1785 567 centrali
1816 531 2006 576 (Rehml),

298 583 544 675 ἓέὶὲἓῑῖιὲέὲῐίἶ
554 580 775 671 Euschetia,
794 578 1010 623 Salatavia,
1027 577 1299 623 Daghestania
1314 577 1543 614 ‘foco-850&
1562 578 1740 624 (Ruprl),
1758 589 1866 625 prov.
1887 579 2006 615 Kara-

358 697 405 750 β.
430 695 722 749 ymbre-scens.
749 718 804 723 —
831 692 978 734 Cauiis
1001 695 1043 734 et
1067 691 1164 733 solia
1193 691 1365 743 glabra.

347 770 451 806 Hab.
472 771 511 804 in
530 769 652 815 pratis
674 767 763 803 udis
782 766 895 801 Ponti
917 765 1041 801 Lazici
1061 775 1181 811 supra
1199 764 1339 812 Djimil
1357 765 1496 810 (Ball).

347 833 498 879 Saepius
518 830 712 878 bipedalis
731 829 797 865 sed
818 829 858 863 in
880 828 1160 863 excelsioribus
1179 830 1386 863 occurrunt
1405 828 1523 863 etiam
1544 828 1682 863 formae
1699 827 2005 874 3-4·pollicares.

301 880 454 926 Species
473 890 496 914 a
512 878 556 913 P.
572 875 719 924 Ῑοῑιόεᾶ
737 881 774 911 et
792 875 837 910 P.
857 875 1071 922 Hacqzcetz'z'
1097 875 1279 910 affinibus
1298 875 1463 910 bracteis
1481 875 1596 911 flores
1616 886 1693 911 non
1713 876 2005 923 superantibus,

299 926 627 1010 {ogpilrllacitaglabra
657 923 821 971 capsula
852 933 930 958 non
961 922 1125 968 obliqua
1156 924 1384 958 mucronata
1417 932 1487 958 nec
1516 922 1767 969 inaequaliter
1796 922 2006 960 biloculari

928 1087 949 1142 ἕ
989 1089 1028 1129 Ξ.
1063 1087 1376 1130 Rostratae.

863 1213 873 1222 '
899 1210 1011 1247 Folia
1030 1210 1187 1247 caulina
1206 1210 1451 1246 verticillata.

368 1328 442 1367 ll.
482 1325 538 1367 Ρ.
576 1322 964 1365 subrostrata
997 1319 1062 1375 (C.
1093 1321 1144 1362 A.
1184 1321 1295 1373 Mey.
1327 1321 1487 1363 Enum.
1527 1333 1566 1373 p.
1601 1318 1706 1373 108)
1743 1321 1863 1362 caule
1896 1334 2011 1364 nano

306 1385 501 1427 bifariam
530 1382 759 1436 puberulo,
791 1380 903 1422 foliis
932 1382 1116 1431 anguste
1141 1379 1381 1421 linearibus
1413 1381 1456 1421 in
1485 1379 1656 1422 lobulos
1684 1383 1834 1421 ovatos
1862 1380 2011 1433 pinna—

308 1444 469 1486 tiseclis
511 1441 701 1493 glabris,
747 1438 933 1481 caulinis
977 1438 1203 1480 diminutis
1244 1438 1529 1491 veruculatis,
1567 1439 1685 1491 spica
1726 1438 1849 1481 brevi
1877 1439 2011 1483 densa

305 1501 656 1551 ovalo-oblonga,
696 1498 883 1540 bracteis
925 1500 966 1538 et
1001 1496 1221 1550 calycibus
1253 1502 1414 1551 praeter
1447 1498 1558 1551 pilos
1601 1498 1817 1540 lanatulos
1849 1509 2010 1551 paucos

307 1573 433 1604 secus
472 1559 708 1612 marginem
746 1556 909 1610 glabris
945 1556 1031 1598 illis
1066 1556 1263 1609 oblongis
1301 1557 1419 1610 apice
1454 1557 1643 1600 dentatis
1678 1557 1809 1610 hujus
1846 1557 2010 1599 laciniis

307 1619 605 1669 subdentatis,
649 1616 820 1658 corollae
858 1626 1094 1669 purpureae
1131 1615 1234 1657 tubo
1271 1616 1432 1658 sensim
1474 1619 1653 1657 curvato
1694 1617 1839 1668 calyce
1877 1616 2010 1671 duplo

307 1679 512 1731 longiore,
530 1677 649 1729 galea
670 1677 786 1717 recta
804 1674 1067 1716 brevissime
1086 1676 1274 1716 rostrata
1293 1677 1491 1717 truncat-a
1504 1678 1546 1715 et
1565 1674 1784 1717 denticulo
1801 1677 1927 1717 aucta
1951 1681 2010 1723 36.

354 1753 455 1788 Hah.
477 1753 516 1787 in
536 1752 659 1798 pratis
684 1749 825 1796 alpinis
845 1748 1008 1784 Caucasi
1029 1739 1279 1784 occidentafis
1301 1748 1445 1785 7-8500’
1464 1749 1572 1794 (CA.
1594 1750 1730 1795 Meyl).

354 1815 553 1862 Descripsi
573 1814 769 1860 specimen
789 1812 949 1848 unicum
968 1814 1003 1847 et
1026 1812 1153 1848 radice
1172 1812 1354 1847 orbatum
1377 1812 1547 1847 herbarii
1574 1812 1810 1858 Meyeriani3
1835 1811 2012 1858 plantula

306 1863 566 1910 tripollicaris‚
596 1860 811 1907 capitulum
840 1860 862 1894 9
896 1859 1019 1894 lineas
1043 1859 1220 1904 longum.
1253 1859 1409 1906 Species
1436 1861 1535 1895 inter
1561 1862 1728 1895 erostres
1761 1862 1798 1895 et
1826 1862 2012 1895 rostratas

307 1920 342 1944 v.
363 1921 416 1955 gr.
438 1910 538 1945 inter
556 1909 600 1944 P.
622 1908 832 1944 Ponticam
851 1909 887 1942 et
906 1906 1201 1942 crassz’rostrem
1229 1906 1473 1950 intermedia,
1506 1907 1598 1942 huic
1628 1909 1755 1942 tamen
1781 1910 1908 1943 rostro
1939 1908 2013 1942 etsi

306 1957 417 1993 brevi
437 1960 567 1992 tamen
588 1955 796 1991 manifesto
818 1955 945 1999 magis
960 1954 1146 1989 accedens
1162 1957 1198 1989 et
1211 1954 1261 1989 ab
1280 1957 1325 1990 ca
1341 1954 1507 1989 bracteis
1526 1958 1562 1989 et
1577 1954 1708 2000 calyce
1723 1953 2013 2000 glabriusculis,

307 2003 464 2040 corollae
483 2004 578 2039 tubo
596 2003 772 2048 longiore
792 2001 986 2036 distincta.

367 2123 436 2164 w.
470 2123 526 2164 P.
559 2119 979 2163 crassirostris
1025 2118 1132 2172 (Bge'
1167 2119 1282 2161 Bull.
1338 2117 1467 2159 Acad.
1504 2118 1705 2160 Petersb.
1751 2118 1867 2169 VIII,
1915 2132 2007 2173 pag.

308 2179 413 2236 0248)
448 2181 604 2223 radicis
644 2179 766 2222 libris
807 2179 1026 2229 tenuibus,
1068 2178 1265 2220 caulibus
1294 2178 1455 2231 saepius
1491 2176 1693 2231 pluribus
1734 2178 2011 2221 ascendenti·

306 2241 388 2282 bus
417 2240 591 2295 pumilis
618 2238 811 2280 seriatim
841 2238 1198 2291 pubescentibus,
1224 2237 1339 2279 soliis
1359 2240 1542 2290 anguste
1564 2235 2012 2289 oblongo-linearibus

308 2300 352 2353 in
379 2299 554 2341 lacinias
576 2297 777 2339 minimas
804 2300 954 2339 ovatas
978 2296 1341 2350 bipiunatisectis,
1369 2295 1553 2338 caulinis
1581 2295 1854 2337 verticillatis
1886 2296 2010 2338 dimi-

309 2359 443 2408 nutis,
488 2357 619 2411 spicis
655 2356 794 2398 owilis
827 2358 869 2397 et
899 2356 1094 2409 oblongis
1128 2356 1288 2408 stepius
1322 2355 1596 2407 interruptis,
1626 2354 1813 2396 bracteis
1845 2355 2013 2397 modice

311 2417 513 2460 lanatnlis
532 2415 826 2470 palniatilidis‚
857 2416 1014 2468 calycis
1041 2414 1257 2456 sublanati
1287 2417 1467 2465 anguste
1492 2413 2011 2468 tubuloso-campanulati

311 2477 474 2519 laciniis
512 2474 708 2526 oblongis
745 2478 867 2516 acute
905 2474 1196 2524 denticulatis,
1230 2473 1402 2515 corollae
1444 2483 1680 2526 purpureae
1712 2471 1814 2514 tubo
1850 2473 2011 2515 sensim

308 2540 486 2578 curvato
510 2535 653 2586 calyce
674 2532 967 2586 sublongiore,
991 2533 1112 2586 galea
1133 2534 1309 2573 arcuata
1328 2532 1491 2574 sensim
1510 2533 1734 2573 attenuata
1758 2531 1799 2573 in
1820 2536 2010 2573 rostrum

309 2594 579 2636 descendens
619 2592 813 2633 conicum
851 2592 973 2645 apice
1015 2594 1282 2641 truncatum,
1318 2591 1419 2632 labii
1451 2590 1675 2641 inferIQriS
1715 2590 2009 2643 sublongioris

311 2653 418 2695 lobis
446 2651 657 2705 oblongis.
696 2651 927 2692 l'ilarnentis
957 2650 1132 2703 glabris.
1161 2651 1337 2703 capsula
1374 2650 1557 2701 oblonga
1585 2651 1709 2691 acula
1744 2649 2010 2692 subcurvata

312 2713 455 2764 calyce
482 2709 829 2763 sesquilongiore
866 2716 927 2757 26.
958 2710 1002 2751 P.
1031 2709 1269 2750 Arm-atim
1293 2710 1379 2762 Bge
1405 2709 1532 2750 Mem.
1571 2708 1645 2750 Ac.
1679 2708 1875 2750 Pelei-sb.
1917 2707 2009 2749 Ser.

310 2772 348 2816 6,
373 2776 486 2813 tonie
511 2769 601 2817 Vll,
630 2783 671 2822 p.
704 2771 804 2810 5942.

358 2845 456 2879 Hah.
476 2845 513 2879 in
533 2845 654 2890 pratis
672 2843 847 2887 Caucasi,
875 2842 1051 2878 Imeretia
1071 2842 1120 2878 ad
1141 2842 1350 2877 Tchkmeri
1370 2841 1538 2886 (Gabi),
1567 2841 1713 2876 Suania
1738 2840 1889 2878 (Rachle
1903 2842 1940 2884 l),
1963 2840 2012 2875 ad

311 2891 452 2933 glaries·
470 2891 627 2926 Kasbek
647 2891 775 2927 10000'
791 2890 934 2934 (Relini
947 2893 984 2933 l),
1000 2890 1209 2925 Tuschetia
1227 2900 1347 2935 supra
1372 2889 1483 2924 Dano
1509 2892 1546 2924 et
1566 2888 1687 2924 Diklo
1701 2888 1817 2930 8000',
1837 2888 2013 2932 Dagbes-

310 2941 415 2974 tania
435 2941 473 2974 in
498 2939 697 2974 montibus
718 2938 922 2982 Saridagli,
942 2938 973 2971 s}
983 2937 1198 2982 udurdagh,
1216 2936 1458 2980 Artchikala,
1488 2938 1555 2971 etc.
1572 2936 1823 2971 &ooo-loom·
1842 2935 2012 2981 (Ilupri),

311 2996 425 3021 mons
445 2988 584 3021 Ararat
604 2986 799 3021 Armeniae
821 2984 1000 3029 (Abichij
1017 2986 1055 3019 et
1073 2984 1222 3029 Alages
1241 2984 1372 3028 (Frick
1385 2985 1419 3027 l).
