2100 3262
266 232 337 270 320
931 234 1346 264 SCROPHULARIACEAE.
1746 222 1993 264 Verbascum.

269 315 381 358 foliis
421 311 610 356 crenatis
647 310 913 353 radicalibus
953 309 1151 362 oblongis
1187 308 1231 350 in
1265 305 1475 360 petiolum
1517 305 1769 351 attenuatis,
1805 308 1995 352 caulinis

270 374 480 417 brevibus
511 369 985 422 cordato-auriculatis‚
1024 367 1210 410 floribus
1247 368 1414 410 remote
1457 364 1722 407 fasciculatis
1764 366 1993 410 laxissime

268 432 506 476 racemosis
531 429 807 478 tomentosis,
838 427 1060 482 pedicellis
1087 425 1383 481 inaequalibus
1411 425 1558 477 calyce
1598 423 1987 476 subbrevioribus,

267 492 411 546 calyce
441 490 535 546 (vix
565 490 588 530 2
617 489 752 530 lineas
784 487 929 542 longo)
964 487 1018 528 ad
1050 487 1242 529 medium
1281 485 1322 527 in
1362 483 1520 526 dentes
1547 482 1844 537 triangulares
1873 485 1994 536 fisso,

267 550 501 594 filamentis
521 548 699 591 sordide
719 546 1015 594 albo-lanatis,
1035 546 1214 600 capsula
1233 546 1364 587 ovata
1378 543 1524 597 calyce
1543 542 1676 596 duplo
1703 543 1898 597 longiore
1919 544 1990 600 Θ.

311 635 413 672 Hab.
432 636 473 671 in
492 643 612 680 regno
632 632 827 669 Cabulico
845 631 975 677 (Griff.
994 630 1091 676 630),
1116 631 1157 667 in
1177 628 1386 666 Belutchia
1403 627 1559 673 (Stocks
1580 627 1723 673 10-432).

312 701 347 736 A
364 698 681 744 praecedentibus
700 696 864 733 floribus
885 695 1118 736 minoribus,
1147 693 1293 740 calycis
1322 692 1508 728 dentibus
1533 691 1724 727 brevibus
1743 692 1993 739 distinctum,

265 757 288 783 a
312 746 348 782 V.
367 746 589 783 brevidente
606 744 770 781 floribus
789 744 948 789 longius
968 741 1215 789 pedicellatis
1236 741 1408 787 aliisque
1430 740 1545 775 notis.
1572 739 1749 786 Capsula
1767 740 1842 786 272
1864 740 1991 778 lineas

263 794 395 841 longa.
417 793 623 841 Specimen
647 794 864 828 Armenum
888 791 1182 826 Aucherianum
1210 788 1329 825 valde
1355 786 1642 834 incompletum
1667 788 1743 824 huc
1773 798 1797 823 a
1823 788 1869 824 cl.
1899 788 1988 826 Btb.

265 842 570 878 adnumeratum
589 840 638 876 ad
672 839 708 874 V.
729 838 959 876 erz'antlzum
977 848 1057 874 non
1080 839 1242 885 spectat.

327 971 395 1012 51.
428 968 490 1011 V.
525 965 976 1022 leucophyllum
1000 962 1196 1019 (Griseb.
1225 962 1340 1016 Spic.
1369 959 1424 1009 ΙΙ,
1450 974 1487 1014 p.
1515 960 1623 1015 461)
1661 961 1834 1011 bienna,
1863 963 1990 1006 caule

265 1028 562 1071 crassiusculo
595 1027 683 1081 Jam
731 1038 784 1068 ex
834 1027 954 1079 parte
1002 1023 1201 1067 inferiori
1252 1023 1297 1065 in
1342 1020 1587 1075 paniculam
1640 1021 1985 1065 ramosissimam

265 1088 451 1143 rigidam
495 1087 700 1134 abeunte,
748 1085 861 1128 foliis
905 1082 1247 1137 adpressissime
1293 1079 1414 1125 canis
1465 1079 1730 1123 radicalibus
1778 1081 1992 1125 confertis

266 1148 487 1202 petiolalis
528 1146 728 1199 oblongis
765 1143 980 1200 profunde
1023 1141 1382 1186 sinuato-lubatis
1422 1139 1532 1181 lobis
1574 1140 1824 1184 rotundatis
1864 1141 1990 1183 sinu-

268 1206 439 1262 busque
475 1205 791 1258 obtusissimis,
832 1204 944 1247 soliis
983 1202 1165 1245 caulinis
1206 1199 1483 1256 paucissimis
1522 1199 1714 1242 minimis
1753 1200 1991 1244 sessilibus

266 1266 424 1310 obtuse
463 1265 666 1313 dentatis
702 1264 887 1306 floribus
922 1263 995 1303 2-5'
1030 1261 1292 1305 fasciculatis
1331 1259 1399 1301 vel
1431 1259 1742 1313 superioribus
1776 1260 1985 1303 solitariis

270 1326 313 1368 in
344 1338 542 1369 racemos
571 1325 693 1367 laxos
722 1322 967 1377 dispositis,
999 1321 1222 1376 pedicellis
1259 1321 1404 1374 calyce
1436 1322 1479 1362 et
1512 1319 1691 1372 capsula
1718 1320 1790 1363 vix
1816 1320 1991 1362 brevio-

265 1385 405 1438 ribus,
436 1385 626 1427 bracteis
655 1381 1048 1438 squamiformibus
1072 1379 1517 1434 triangulari-ovans,
1548 1377 1706 1432 calycis
1744 1380 1985 1423 tomentelli

266 1446 443 1488 tandem
471 1444 657 1498 glabrati
685 1443 1018 1498 (sesquilineam
1048 1439 1187 1495 longi)
1220 1439 1387 1482 laciniis
1416 1438 1850 1482 lineari-lanceolatis
1887 1452 1988 1482 acu-

265 1504 483 1554 tiusculiS,
502 1503 665 1547 corolla
683 1502 953 1545 tomentella.
975 1501 1211 1543 filamentis
1227 1498 1562 1549 albo-barbatis,
1585 1499 1764 1552 capsula
1784 1498 1967 1542 ovoideo

265 1563 450 1618 oblonga
474 1565 731 1607 mucronata
755 1562 953 1616 glabrata
978 1560 1122 1614 calyce
1147 1559 1369 1614 subduplo
1398 1558 1592 1610 longiore
1622 1558 1691 1613 Θ.

312 1649 415 1685 Hab.
443 1650 485 1684 in
512 1647 681 1685 collibus
719 1649 757 1683 et
796 1646 901 1691 agris
938 1644 1141 1680 sterilibus
1178 1642 1421 1679 Macedoniae
1454 1642 1555 1678 inter
1590 1632 1918 1679 Thessalonicam
1950 1644 1988 1679 et

264 1700 441 1734 montem
460 1695 657 1733 Korthiati
676 1695 853 1740 (Grisebl
872 1692 1046 1735 Heldrl).

312 1762 457 1799 Pedale
476 1762 541 1799 vel
561 1760 850 1808 sesquipedam,
874 1759 970 1794 folia
988 1757 1174 1793 inferiora
1198 1767 1288 1793 cum
1308 1755 1455 1803 petiolo
1472 1755 1535 1792 3-4
1553 1755 1773 1803 pollicaria‚
1791 1755 1989 1803 paniculae

263 1811 364 1847 rami
383 1809 585 1847 numerosi
603 1809 718 1854 rigidi
739 1808 1066 1854 erecto-patentes
1085 1804 1390 1852 5-6-pollicares,
1409 1803 1573 1851 capsula
1589 1804 1666 1839 sere
1684 1803 1708 1840 3
1723 1803 1852 1840 lineas
1868 1803 1989 1850 longa

264 1858 455 1905 pedicello
486 1858 704 1894 incrassato
735 1855 908 1892 suffulta.
940 1853 1053 1889 Folia
1084 1853 1162 1889 fere
1205 1851 1242 1887 V.
1274 1852 1419 1899 plz'catz'
1445 1862 1469 1887 a
1495 1862 1573 1899 quo
1596 1850 1731 1897 calyce
1759 1853 1796 1887 et
1825 1851 1992 1887 floribus

265 1906 430 1944 minutis
458 1905 576 1951 longe
611 1904 753 1948 differt,
784 1914 808 1938 a
848 1902 881 1937 V.
912 1900 1155 1938 Heldreichz'i
1188 1900 1421 1936 indumento
1455 1910 1564 1944 cano,
1598 1898 1764 1936 racemis
1799 1899 1991 1935 brevibus

262 1953 412 2001 rigidiS,
432 1952 636 2001 pedicellis
656 1950 921 1995 brevioribus,
943 1949 1106 1997 capsula
1124 1948 1252 1984 multo
1275 1948 1426 1995 majore
1444 1947 1687 1984 distinctum.

590 2096 631 2137 -4-
653 2096 695 2137 4-
723 2091 1040 2129 Filamentorum
1060 2089 1153 2125 lana
1171 2099 1370 2136 purpurea
1390 2087 1451 2123 vel
1471 2087 1660 2124 violacea.

325 2215 395 2257 52.
424 2213 489 2256 V.
526 2211 821 2268 pumilum
862 2209 1020 2265 (Boiss
1056 2212 1099 2251 et
1131 2207 1287 2252 Heldr.
1317 2207 1468 2261 Diagn.
1508 2206 1601 2250 Ser.
1645 2206 1674 2257 Ι,
1717 2207 1783 2259 1”2,
1824 2219 1865 2260 p.
1912 2205 1988 2262 ⁶20)

263 2273 440 2324 bieme,
476 2273 599 2316 caule
625 2272 790 2327 pumilo
824 2270 914 2313 fere
941 2282 963 2310 a
990 2268 1081 2311 basi
1110 2269 1153 2310 in
1184 2267 1434 2324 paniculam
1477 2267 1675 2318 abeunti,
1712 2266 1823 2309 foliis
1858 2276 1985 2307 cano-

263 2333 522 2376 tomentosis
557 2332 724 2374 minute
751 2329 993 2373 crenulatis
1034 2328 1184 2384 parvis
1224 2327 1490 2370 radicalibus
1529 2326 1735 2370 rosulatis
1771 2325 1912 2368 ovatis
1945 2329 1988 2368 et

265 2393 464 2447 oblongis
504 2391 738 2446 petiolatis,
776 2389 962 2433 caulinis
1000 2389 1149 2443 paucis
1172 2387 1326 2436 acutis,
1369 2387 1581 2440 paniculae
1618 2386 1751 2428 ramis
1778 2385 1990 2428 brevibus

262 2450 657 2515 glabrescentibus‚
683 2449 869 2493 floribus
895 2449 972 2490 ⁶2-ss
998 2448 1264 2491 fasciculatis
1302 2445 1572 2489 laxiusculis.
1602 2445 1825 2500 pedicellis
1857 2445 1992 2498 calyci

262 2511 532 2567 aequilongis,
557 2511 702 2565 calyce
732 2507 983 2552 tomentcllo
1011 2507 1346 2563 (sesquilineam
1375 2505 1524 2559 longo)
1560 2506 1611 2547 ad
1643 2505 1767 2549 basin
1806 2505 1850 2546 iu
1886 2504 1987 2548 laci-

263 2571 359 2614 nias
418 2568 964 2624 lineari-subspathulatas
1013 2567 1195 2610 obtusas
1248 2566 1422 2620 partito,
1474 2565 1637 2608 corolla
1688 2566 1827 2619 parva
1872 2563 1989 2608 flava

264 2630 708 2679 violaceo-maculata,
745 2627 980 2677 filamentis
1010 2625 1437 2675 violaceo-barbatis,
1475 2625 1673 2668 antheris
1698 2623 1987 2671 aurantiacis,

263 2690 443 2745 capsula
464 2689 801 2742 ovato-oblonga
824 2688 969 2742 calyce
993 2687 1124 2729 tertia
1149 2689 1271 2741 parte
1300 2685 1498 2739 longiore
1526 2684 1596 2739 (D.

310 2774 411 2810 Hab.
430 2774 470 2810 in
490 2773 694 2810 montibus
715 2772 834 2808 aridis
854 2771 1014 2807 Isauriae
1035 2771 1136 2806 inter
1155 2769 1361 2812 Beychehr
1383 2771 1421 2804 et
1435 2768 1592 2804 Koniah
1612 2778 1755 2804 versus
1802 2766 1984 2803 lanitiem

251 2821 508 2915 {gorpiensem
525 2820 800 2858 descendendo
819 2819 1010 2864 (Heldrl)‚
1038 2819 1079 2854 in
1098 2809 1350 2865 Cappadocia
1367 2816 1417 2852 ad
1435 2816 1601 2852 Talasse
1622 2826 1745 2863 prope
1797 2825 1989 2851 aesaream

315 2880 338 2906 a
397 2897 404 2903 .

310 2935 451 2972 Planta
469 2934 723 2982 semipedalis
741 2934 869 2970 rarius
887 2932 1055 2981 pedalis,
1084 2931 1181 2967 folia
1210 2931 1396 2967 inferiora
1415 2930 1479 2966 1-2
1498 2929 1661 2977 pollices
1680 2929 1812 2976 longa,
1829 2927 1988 2964 corolla

264 2982 459 3019 diametro
479 2993 549 3020 sex
567 2983 691 3019 lineas
712 2982 804 3025 lata,
822 2981 985 3028 capsula
1005 2983 1081 3016 tres
1099 2979 1227 3016 lineas
1246 2978 1380 3025 longa⁴
1409 2978 1525 3015 Teste
1548 2978 1676 3014 amico
1702 2978 1750 3014 de
1768 2975 1984 3013 Heldreich

264 3029 407 3068 florum
427 3030 556 3068 colore
575 3030 930 3078 elegantissimum.
