2065 3271
92 227 317 272 Per-owskz'a.
832 236 1025 263 LABIATAE.
1698 225 1769 262 589

90 315 157 360 sed
184 309 503 353 characteribus
530 310 693 355 alienfe
721 311 878 353 corolla
917 310 1274 363 chsmoidcarmn
1307 310 1383 353 sed
1406 311 1597 352 antlierce
1624 309 1767 351 bi-nec

91 370 382 419 uniloculares.
407 368 604 412 Affinitas
630 369 672 410 in
698 369 860 412 Ordine
885 370 1148 412 subincerta.

142 483 178 523 1.
210 478 265 521 P.
300 475 721 521 abrotanoides
756 478 919 520 ‹Kareh
958 478 1066 521 Bull.
1095 477 1224 531 Mosq.
1258 479 1389 528 1841,
1421 491 1467 531 p.
1505 477 1573 524 15,
1607 479 1688 520 tab.
1718 475 1766 533 ’1)

88 538 273 584 cautibus
306 536 461 579 erectis
485 538 608 579 elatis
644 537 898 590 paniculatis
936 538 1047 580 sicut
1084 538 1180 580 folia
1217 537 1380 589 glabris
1413 538 1476 578 vel
1514 537 1765 578 indumento

88 596 337 643 brevissimo
356 595 770 649 ssoccoso-pruinoso
787 596 1007 639 secedenti
1032 596 1200 641 obsitis.
1230 596 1341 637 foliis
1361 596 1577 648 petiolatis
1601 596 1764 637 ambitu

87 654 420 706 ovato-oblongis
445 655 588 696 rarius
613 654 760 696 incisis
783 655 941 708 szepius
969 655 1010 697 in
1041 658 1260 705 segmenta
1288 654 1467 695 linearia
1491 654 1765 696 decurrentia

88 717 245 766 integra
266 715 328 755 vel
349 712 482 755 incisa
504 713 656 755 obtusa
686 713 1042 768 bipinnutisectis,
1073 713 1390 755 verticillastris
1418 712 1646 754 sessilibus
1671 713 1764 753 6-9,-

86 774 199 817 floris
242 771 454 815 distinctis
500 772 540 814 in
583 772 723 824 spicas
768 773 916 825 longas
964 771 1103 814 nudas
1149 772 1266 813 laxas
1304 771 1541 824 dispositis,
1579 770 1765 812 bracteis

85 831 274 883 oblongis
320 831 462 882 calyce
499 830 796 878 brevioribus,
841 831 997 884 calycis
1042 831 1185 882 patule
1230 829 1351 883 longe
1388 834 1431 873 et
1470 830 1570 883 plus
1620 829 1764 871 minus

85 891 246 944 copiose
270 889 588 942 lanato-hispidi
619 889 728 930 labio
749 889 976 942 superiore
1003 889 1258 942 subintegro
1286 895 1346 935 26.

125 963 220 999 Hab.
254 964 293 998 in
328 963 458 998 Persi-<t
492 962 839 998 boreali-orientali
878 962 1074 1006 (ssuhsei),
1119 963 1158 996 in
1203 961 1348 997 ditione
1382 961 1605 997 Khorassan
1648 969 1766 1007 prope

84 1010 279 1048 Schabrud
297 1013 333 1045 et
352 1009 565 1045 Mesclihed
586 1010 720 1054 (Eget)
743 1011 782 1044 in
802 1009 998 1045 littoribus
1016 1009 1287 1044 Turcornaniae
1307 1008 1489 1053 (Karelt).

129 1066 237 1101 Bi-tri
269 1065 402 1110 eslans,
422 1067 548 1100 variat
562 1065 729 1101 multum
748 1065 930 1101 foliorum
947 1066 1097 1100 laciniis
1117 1063 1179 1099 1-22
1194 1064 1317 1100 lineas
1335 1064 1425 1099 latis
1440 1063 1503 1099 vel
1517 1063 1768 1105 tenuissimis,

84 1114 186 1150 amic.
205 1125 224 1147 a
279 1124 323 1158 ge
341 1113 485 1148 formas
504 1112 606 1149 foliis
625 1116 776 1148 tantum
796 1112 929 1148 incisis
947 1112 1185 1148 observavit.

125 1169 180 1204 Ar.
216 1168 345 1213 Geoqr.
377 1164 541 1203 Tibetia.

140 1271 178 1311 ⁶2.
214 1268 269 1311 P.
305 1267 879 1323 scrophulariaefolia
915 1267 1023 1323 (Bge
1052 1268 1108 1320 pl.
1141 1265 1293 1308 Lehm.
1341 1278 1381 1319 p.
1426 1264 1531 1319 433)
1571 1264 1766 1306 caulibus

84 1329 200 1372 elatis
225 1339 415 1382 superne
445 1328 700 1381 paniculatis
740 1327 851 1380 pube
886 1326 1146 1368 brevissima
1180 1327 1350 1367 ramosa
1379 1323 1596 1367 secedenti
1622 1334 1768 1364 canes·

83 1389 299 1435 centibus,
343 1385 456 1428 foliis
501 1386 805 1439 glabriusculis
848 1383 1306 1439 resinoso-punctatis
1358 1383 1569 1437 petiolatis
1620 1386 1768 1424 ovato-

83 1446 273 1499 obl‹·.ngis
320 1445 488 1488 obtusis
532 1445 804 1499 inaequaliter
851 1442 1262 1492 crenato-dentatis,
1310 1441 1626 1485 verticillastris
1676 1440 1767 1481 6-2-

83 1505 197 1548 floris
235 1504 470 1548 laxiuscule
507 1509 547 1545 et
590 1506 712 1558 longe
748 1499 950 1559 sphatis,
994 1503 1180 1545 bracteis
1213 1501 1417 1549 minimis,
1451 1500 1608 1554 calycis
1650 1499 1765 1541 albo-

83 1564 214 1607 villosi
244 1563 353 1606 labio
378 1563 606 1617 superiore
633 1563 952 1606 obsoletissime
976 1560 1298 1604 tridentIculato
1332 1567 1368 1607 36
1390 1591 1399 1602 .

124 1638 221 1674 Hal).
241 1641 279 1675 in
299 1639 542 1685 rupestribus
561 1639 830 1675 Turkestaniae
851 1636 1099 1674 occidentalis
1117 1637 1156 1671 in
1176 1637 1307 1671 monte
1328 1635 1499 1671 Karatau
1517 1634 1704 1679 (Lehmt).

126 1695 250 1740 Hujus
269 1694 413 1741 plantae
431 1696 645 1741 specimina
664 1694 898 1741 incompleta
914 1696 1065 1729 tantum
1086 1695 1189 1738 nota,
1212 1702 1261 1728 an
1283 1692 1377 1727 satis
1398 1692 1525 1727 differt
1551 1701 1574 1726 a
1593 1690 1636 1725 P.
1658 1689 1769 1725 abro-

81 1742 236 1779 tanoz'de
259 1752 376 1788 quam
397 1743 624 1778 indumento
641 1743 782 1778 refert?

136 1841 176 1883 3.
210 1840 266 1883 P.
301 1840 741 1885 artemisioides
773 1840 933 1896 (Boiss.
971 1839 1124 1892 Diagn.
1152 1838 1245 1881 Ser.
1275 1837 1327 1887 II,
1354 1840 1380 1880 4
1408 1851 1447 1891 p.
1480 1837 1552 1889 15)
1589 1839 1675 1877 tota
1703 1835 1767 1876 in·

80 1899 280 1943 dumento
305 1901 474 1944 stellato
500 1914 581 1943 non
608 1901 836 1944 secedente
863 1898 1199 1952 adpressissirne
1224 1908 1341 1946 cana,
1376 1897 1575 1939 caulibus
1611 1895 1766 1937 erectis

79 1958 198 2003 elatis
241 1959 392 2002 crebre
428 1964 470 2003 et
505 1960 653 2003 stricte
693 1959 852 2002 foliosis
888 1957 1158 2012 paniculatis‚
1200 1956 1310 1999 foliis
1351 1956 1563 2010 petiolatis
1603 1953 1767 1995 anibitu

79 2018 270 2071 oblongis
295 2018 338 2060 in
367 2019 541 2062 lacinias
567 2019 771 2072 oblongas
802 2018 868 2059 vel
908 2017 1092 2059 lineares
1115 2017 1295 2059 obtusas
1321 2015 1604 2057 decurrentes
1631 2012 1766 2065 bipin—

80 2077 315 2125 natisectis,
350 2078 667 2121 verticillastris
695 2076 913 2119 ‹he-noris
939 2074 1168 2118 sessilibus
1195 2074 1410 2116 distinctis
1439 2074 1481 2115 in
1511 2073 1650 2126 spicas
1676 2072 1765 2113 lou-

78 2148 148 2190 gas
194 2137 376 2189 graciles
414 2137 554 2180 nudas
595 2138 712 2179 laxas
752 2135 990 2189 dispositis,
1040 2134 1226 2176 bracteis
1270 2130 1767 2175 lanceolam-linearibus

81 2195 278 2247 minimis,
310 2196 466 2249 calycis
501 2197 634 2238 dense
669 2193 1074 2248 bombycino-lanati
1111 2193 1220 2235 labio
1259 2192 1485 2245 superiore
1519 2189 1768 2232 tridenticu—

81 2253 160 2297 lato
197 2260 256 2301 26.

123 2319 222 2356 Hab.
241 2321 279 2355 in
301 2320 524 2356 Belutschia
543 2321 766 2367 frequenter
786 2318 984 2364 (Stocksl).

125 2379 156 2412 A
180 2376 219 2411 Ρ.
241 2375 493 2413 αόνοεαηοῖάε
512 2376 664 2412 differre
683 2376 835 2411 videtur
855 2384 934 2410 non
953 2373 1136 2410 foliorum
1155 2372 1348 2408 divisione
1376 2374 1412 2407 et
1430 2371 1662 2407 laciniarum
1682 2368 1769 2404 lati-

79 2423 209 2459 tudine
229 2423 411 2459 variabili
440 2424 504 2459 sed
534 2424 764 2459 indumento
783 2422 1020 2459 brevissimo
1041 2419 1196 2456 stellato
1218 2430 1295 2455 non
1315 2418 1515 2455 secedenti.
1548 2418 1608 2453 An
1640 2415 1770 2462 potius

78 2467 121 2504 P.
142 2471 420 2518 atrz'plicifolz'ae
438 2472 632 2506 varietas?

136 2568 174 2609 4.
208 2566 267 2610 P.
304 2567 711 2623 atriplicifolia
742 2567 854 2617 (Bth.
891 2567 933 2609 in
970 2579 1055 2609 uc.
1091 2565 1245 2609 Prodr.
1276 2563 1370 2614 XII,
1397 2576 1435 2617 p.
1467 2562 1570 2617 261)
1598 2566 1685 2605 tota
1710 2563 1769 2604 in-

81 2625 283 2669 dumento
328 2628 499 2680 leproso
539 2626 781 2681 squamulis
823 2627 1007 2669 stellatis
1046 2629 1269 2668 constante
1305 2624 1514 2677 adpresse
1553 2628 1596 2664 et
1636 2622 1770 2664 dense

78 2695 192 2735 cana,
216 2685 411 2728 caulibus
435 2686 560 2729 elatis
591 2685 860 2739 simplicibus
882 2689 924 2728 et
955 2685 1104 2728 stricte
1133 2683 1406 2738 paniculatis,
1439 2682 1551 2725 toliis
1576 2681 1769 2723 breviter

80 2744 292 2797 petiolatis
323 2745 519 2798 oblongis
557 2746 622 2788 vel
668 2745 914 2787 lanceolatis
956 2743 1163 2797 repandis
1199 2741 1475 2784 denticulatis
1514 2741 1580 2783 vel
1622 2740 1770 2782 incisis

79 2804 262 2856 rugosis,
288 2804 608 2847 verticillastris
637 2804 857 2846 6-'2-ttoris
880 2803 1058 2845 remotis
1093 2803 1187 2844 laxe
1212 2800 1402 2853 spientis,
1429 2799 1585 2854 calycis
1611 2798 1769 2852 hispidi

81 2860 188 2905 labio
212 2864 442 2917 superiore
465 2863 788 2906 tridenticulato
821 2868 879 2910 26.

78 2935 279 3028 riOHalggin
299 2946 419 3029 iegssm
438 2936 626 2973 Cabulico
650 2938 749 2972 inter
766 2935 920 2972 Ghazni
938 2938 975 2972 et
994 2934 1119 2971 Cabul
1149 2933 1314 2979 (Griffl),
1339 2933 1378 2968 in
1410 2931 1631 2969 Belutschiu
1656 2939 1764 2976 supe·

137 2993 175 3018 re
255 2994 297 3020 oc
314 2994 346 3018 5
