2100 3262
271 200 365 237 1070
974 207 1289 234 LORANTHACEAE.
1703 196 1940 238 Lorantkus.

270 280 471 360 ssvro'man
503 278 541 312 et
571 276 786 323 Pendjavin
815 276 1075 313 Kurdistaniae
1101 278 1265 313 Persicae
1289 274 1518 312 6000’-8000’
1545 274 1767 321 (Hausskl).
1794 278 1942 316 Graecis

311 335 441 360 azzna.

318 383 468 419 Abortu
490 383 635 428 saepius
659 383 805 418 dioicus
826 383 892 419 sed
910 383 950 418 in
967 382 1246 428 speciminibus
1265 381 1472 416 fructiferis
1489 381 1656 416 stamina
1680 382 1820 418 saltem
1837 383 1941 419 rudi-

270 430 460 465 mentaria
480 429 676 464 interdum
698 430 834 476 reperi.

318 492 526 574 fir.tG]qoqr.
553 493 722 538 Austria‚
740 493 864 539 Italia,
883 492 1027 537 Sicilia,
1047 493 1152 537 regio
1173 490 1419 537 Danubialis‚
1441 490 1588 535 Serbta,
1615 491 1770 537 Bosnia,
1796 492 1940 528 Rossia

271 550 380 575 orion
400 549 421 573 a
439 549 484 574 is.

329 646 366 686 ἓ.
399 644 452 686 L.
480 643 806 688 Grewinkii
827 644 982 699 (Boiss.
1010 647 1051 686 et
1072 643 1216 686 Buhse
1237 643 1357 686 Aufz.
1381 656 1421 696 p.
1442 642 1544 697 106)
1560 643 1718 695 glaber,
1742 643 1938 698 opposite

269 702 589 745 ramosissimus
629 704 760 745 ramis
796 702 1068 745 brevioribus
1103 702 1349 756 junioribus
1387 701 1792 755 subquadrangulis,
1825 702 1938 745 foliis

268 761 475 814 oppositis
502 765 680 814 anguste
705 761 892 813 oblongis
917 760 982 801 vel
1007 760 1428 803 lineari-lanceolatis
1453 760 1495 802 in
1525 760 1726 813 petiolum
1761 759 1937 804 brevem

266 820 498 861 attenuatis
522 821 589 860 vel
613 819 885 861 inferioribus
907 818 1099 871 oblongis
1121 819 1275 861 subtus
1293 820 1476 861 obscure
1494 819 1734 870 trinerviis‚
1754 818 1937 862 racemis

268 878 537 920 brevissimis
568 877 863 920 terminalibus
900 877 1107 919 3-5-ssoris
1139 877 1238 919 folio
1270 879 1406 920 multo
1439 876 1723 927 brevioribus,
1756 875 1937 920 floribus

270 936 445 977 minutis
488 935 846 989 hermaphroditis
878 936 1087 988 oppositis
1125 935 1403 984 ochroleucls,
1435 936 1586 988 petalis
1626 947 1701 977 sex
1741 935 1936 988 oblongis

265 995 456 1037 carnosis
481 995 619 1048 calyce
646 993 931 1044 brevioribus,
955 993 1094 1036 baccis
1119 994 1255 1037 ovatis
1279 1006 1302 1036 e
1329 995 1439 1037 sicco
1460 993 1642 1036 rubellis
1664 1000 1698 1042 5.

315 1068 413 1103 Hab.
429 1069 469 1103 in
488 1068 629 1103 Persiae
646 1066 816 1102 borealis
836 1067 927 1112 iugo
950 1067 1092 1103 Elbrus
1120 1078 1241 1113 prope
1267 1078 1411 1114 pagum
1432 1067 1692 1103 Tchehordeh
1712 1067 1761 1103 ad
1782 1066 1937 1114 Pyrum

263 1124 511 1150 communem
541 1115 771 1160 parasiticus
807 1113 999 1159 (Buhse!)‚
1035 1115 1076 1149 in
1114 1115 1258 1150 Persiae
1288 1114 1695 1150 austro-occidentalis
1734 1114 1935 1150 montibus

264 1161 468 1207 Awiheng‚
498 1160 702 1205 Ataschke‚
734 1160 900 1205 Sawers,
927 1162 1024 1207 Nur,
1049 1161 1224 1196 Eschker
1246 1162 1293 1197 ad
1315 1161 1479 1207 Pyrum,
1501 1161 1671 1197 Acerem
1688 1160 1935 1208 Monspessu-

262 1206 411 1254 Ianum,
429 1207 672 1254 Amyydalos
691 1208 871 1253 spinosos
889 1209 1120 1253 parasiticus
1137 1207 1369 1244 7000·-8000’
1389 1207 1611 1253 (Hausskl).

309 1271 438 1307 Facies
454 1270 630 1307 Rhamm'
647 1271 709 1306 vel
730 1270 867 1316 Prunz',
886 1272 986 1306 rami
1006 1273 1059 1307 eis
1073 1271 1119 1307 L.
1136 1271 1321 1318 Europoez
1338 1271 1535 1307 tenuiores
1553 1273 1590 1306 et
1606 1270 1817 1311 breviores,
1838 1270 1936 1307 folia

259 1318 376 1363 triplo
398 1319 549 1353 minora
568 1320 605 1352 et
623 1318 861 1363 angustiora,
885 1319 1001 1353 flores
1021 1318 1331 1365 hermaphroditi
1351 1319 1518 1354 minores
1538 1321 1574 1353 et
1590 1317 1720 1364 petala
1737 1318 1934 1353 breviora.

320 1463 438 1507 Scor.
463 1464 515 1505 ΙΙ.
552 1464 887 1507 SYMPHYAN'rnus
918 1477 996 1507 oc.
1028 1464 1181 1506 Prodr.
1202 1465 1228 1506 l.
1257 1466 1324 1508 cit.
1348 1489 1396 1495 —
1419 1464 1560 1507 Petala
1588 1465 1662 1505 4-6
1686 1463 1866 1517 aequalia
1889 1463 1933 1506 in

551 1524 700 1565 tubum
723 1523 811 1564 fere
833 1524 884 1565 ad
905 1523 1093 1565 medium
1118 1535 1256 1578 usque
1273 1527 1465 1566 connata.
1482 1522 1685 1565 Antherae
1702 1523 1754 1564 ad
1769 1522 1935 1576 apicem

554 1582 758 1623 filamenti
780 1585 945 1624 erectae.

321 1691 357 1731 3.
375 1690 427 1731 L.
445 1690 669 1734 Acaciae
691 1690 879 1745 (Zuccar.
898 1691 1006 1734 Abh.
1031 1692 1195 1735 Munch.
1219 1692 1348 1733 Acad.
1366 1690 1442 1743 ΙΙΙ,
1462 1703 1500 1744 p.
1521 1692 1617 1740 249,
1634 1691 1720 1734 tab.
1742 1692 1781 1744 2,
1799 1692 1868 1745 flg.
1888 1691 1935 1747 3)

260 1750 390 1790 ramis
416 1750 625 1792 teretibus
653 1751 876 1802 elongatis,
896 1751 1005 1793 soliis
1029 1750 1322 1805 suboppositis
1342 1750 1534 1793 breviter
1560 1750 1774 1804 petiolatisv
1799 1750 1935 1793 corla-

257 1808 344 1848 ceis
377 1808 535 1859 glaucis
567 1808 727 1860 glabris
757 1809 949 1851 obovatis
980 1809 1270 1852 obtusissimis
1304 1809 1497 1862 integris,
1526 1808 1707 1851 floribus
1744 1809 1935 1852 breviter

260 1865 522 1919 pedicellatis
548 1868 619 1907 ΞΠ
644 1867 685 1908 in
717 1867 941 1909 fasciculos
974 1868 1174 1910 axillares
1197 1867 1418 1922 dispositis
1445 1868 1662 1921 supremis
1689 1879 1803 1921 saepe
1836 1868 1933 1911 soli-

259 1925 394 1972 tariis,
420 1925 560 1976 calyce
586 1928 800 1977 truncato,
832 1926 988 1968 corolla
1015 1926 1259 1968 kermesina
1292 1926 1493 1969 tubulosa
1523 1927 1636 1968 ultra
1666 1926 1854 1969 medium
1887 1926 1933 1969 in

260 1982 434 2024 lacInias
474 1987 653 2036 anguste
694 1984 1125 2039 lineari-spathulatas
1167 1984 1338 2027 demum
1381 1986 1602 2028 revolutas
1646 1985 1839 2036 4-5-fida,
1879 1984 1934 2028 ad

256 2040 380 2083 sinus
405 2041 736 2095 quinquegibba‚
764 2043 1019 2085 staminibus
1046 2043 1215 2085 corollae
1237 2046 1279 2085 et
1301 2043 1412 2098 stylo
1438 2043 1776 2097 subaequilongis
1805 2051 1839 2092 5.

303 2116 403 2151 Hah.
442 2117 489 2151 ad
532 2116 716 2153 Rhamm'
752 2118 788 2152 et
824 2116 991 2164 Zizyphz'
1023 2117 1183 2164 species,
1220 2117 1380 2154 Aeaciae
1418 2117 1566 2164 species
1607 2117 1849 2165 parasiticus‚
1890 2118 1932 2154 in

256 2162 455 2198 Palestina
471 2163 518 2198 ad
539 2163 692 2199 Jericho
711 2164 844 2209 (Roth,
861 2165 990 2199 Boiss!
1012 2164 1082 2210 Ky.
1100 2165 1212 2210 1291),
1231 2165 1330 2200 circa.
1347 2164 1509 2200 Hebron
1528 2165 1681 2210 (Roth).

304 2227 417 2262 Rami
439 2228 576 2264 fui-cati
600 2228 783 2263 nodulosi
800 2228 1003 2275 bipedales
1024 2231 1062 2263 et
1080 2228 1288 2275 longiores,
1315 2228 1412 2264 folia
1431 2228 1545 2265 15-16
1561 2228 1686 2264 lineas
1707 2228 1825 2274 longa
1845 2227 1936 2265 8-12

256 2273 346 2317 lata,
363 2274 475 2309 flores
491 2274 568 2310 fere
586 2275 848 2321 bipollicaies,
867 2286 885 2310 s
916 2276 1018 2311 ecies
1035 2275 1203 2321 elegans.
1234 2274 1281 2311 L.
1296 2274 1515 2321 ,qibbosulus
1533 2276 1580 2312 A.
1599 2275 1711 2311 Rich.
1730 2286 1779 2311 ex
1798 2276 1833 2312 N
1837 2275 1932 2312 ubia

256 2322 294 2354 et
310 2321 520 2365 Abyssinia
539 2324 670 2356 nostro
690 2322 815 2357 affinis
840 2322 878 2357 di
911 2332 993 2357 erre
1014 2321 1173 2357 videtur
1198 2322 1303 2357 foliis
1327 2322 1620 2367 angustioribus
1647 2322 1929 2369 elliptico-lan-

250 2367 413 2402 ceolatis
435 2369 472 2402 et
490 2368 633 2413 calycis
650 2369 723 2403 sub
741 2369 850 2415 apice
868 2369 1064 2404 constricti
1081 2369 1202 2404 limbo
1220 2368 1442 2405 sublobato.

298 2430 363 2464 Ar.
381 2429 512 2475 Geoqr.
537 2431 680 2467 Nubia.

631 2617 781 2668 ORD.
830 2618 1020 2667 CVIII.
1101 2619 1543 2668 CYTINAGEAE.

769 2749 925 2805 (Lindl.
953 2750 1054 2804 Veg.
1079 2751 1231 2805 Kingd.
1259 2765 1299 2807 p.
1324 2751 1417 2806 91.)

319 2870 466 2913 Flores
492 2872 768 2915 unisexuales
790 2873 932 2916 rarius
954 2874 1302 2928 hermaphroditi.
1331 2876 1606 2929 Perigonium
1635 2888 1843 2931 superum
1860 2875 1929 2919 vel

253 2930 574 2983 semisnperum
615 2931 772 2984 phyllis
799 2933 866 2974 vel
893 2932 1001 2975 lobis
1036 2933 1270 2978 imbricatis
1310 2935 1455 2978 rarius
1492 2936 1686 2979 valvatis.
1724 2935 1931 2978 Antherae
