2100 3262
243 216 291 253 26
957 215 1238 244 PRIMULACEAE.
1730 205 1931 243 Przmula.

292 297 355 332 Ar.
388 295 520 339 Geogr.
550 293 705 338 Europa
726 289 856 326 media
873 289 924 324 ab
947 287 1092 334 Angli&
1113 289 1150 324 et
1167 287 1429 323 Scandinavi‘fi
1447 286 1495 322 ad
1513 285 1695 322 Rossiam
1714 286 1884 322 mediam
1903 288 1941 323 et

251 344 299 378 ab
323 341 513 388 Hispania
530 342 567 376 et
584 338 697 374 Italia
715 335 1087 384 septentrionalibus
1106 335 1155 371 ad
1172 335 1373 380 regionem
1391 332 1666 369 Danubialem.

308 459 345 499 9.
381 455 436 498 Ρ.
470 452 715 496 Pallasii
741 451 910 507 (Lehm.
933 450 1065 493 Prim.
1095 463 1134 505 p.
1165 451 1234 503 38,
1263 449 1349 491 tab.
1377 448 1424 504 3)
1448 449 1562 492 foliis
1588 447 1781 491 obsolete
1807 460 1940 502 rugu-

246 516 350 558 losis
384 513 589 556 tenuibus
628 511 935 565 glabriusculis
973 510 1043 552 vel
1087 509 1242 552 subtus
1279 521 1408 563 parce
1442 507 1710 561 glandulosis
1743 507 1940 561 oblongis

248 574 458 628 elongatis
495 573 540 614 in
578 571 783 624 petiolum
825 570 950 623 longe
984 568 1234 621 attenuatis,
1260 568 1400 622 scapis
1435 565 1722 610 umbelliferis
1758 565 1940 609 floribus

248 632 565 675 unilateraliter
588 629 858 681 nutantibus,
882 628 1096 671 involucri
1121 628 1280 682 phyllis
1308 627 1503 669 breviter
1528 625 1792 677 lanceolatis‚
1818 625 1941 679 pedi-

247 692 364 734 cellis
390 690 651 732 brevissime
671 688 796 741 gland
806 687 1172 738 uloso-velutinis‚
1187 686 1344 740 calycis
1358 685 1619 728 brevissimo
1639 683 1740 726 hirti
1759 686 1942 737 anguste

246 749 472 803 cylindrici
500 748 673 791 corollae
707 747 905 801 adpressi
936 746 1138 789 dentibus
1175 745 1421 788 lanceolatis
1456 744 1594 787 acutis
1632 743 1736 786 tubo
1774 743 1941 797 3-4-plo

246 808 540 860 brevioribus,
562 806 733 849 corollae
749 807 879 848 luteae
896 805 1027 848 limbo
1043 806 1171 860 plano
1194 804 1298 848 tubo
1317 803 1603 848 subbreviore
1628 808 1665 850 26
1679 832 1689 841 .
1715 802 1762 844 P.
1787 801 1943 844 elatior

246 879 336 909 var.
363 866 519 909 Ledeb.
547 865 609 908 Fl.
631 864 758 908 Ross.

294 941 394 976 Hab.
418 941 457 976 in
476 940 634 986 regione
652 941 838 974 montana
857 941 895 974 et
913 938 1047 985 alpina
1064 938 1261 974 Armeniae
1278 938 1454 974 Turcicae
1472 937 1573 973 cirea
1589 935 1774 971 Erzerum
1793 934 1943 981 (Huetl‚

249 988 347 1023 Calv
360 990 396 1033 !)‚
414 989 455 1023 in
473 987 671 1023 Armeniae
688 986 859 1022 Rossicae
880 986 1082 1022 montibus
1104 987 1243 1022 Ararat
1262 987 1298 1021 et
1315 985 1497 1021 Adchara
1517 983 1685 1029 (Nordin
1702 983 1731 1028 ').

303 1054 348 1107 β.
382 1051 636 1105 cordifolia.
660 1076 711 1083 —-
738 1052 854 1095 Folia
881 1051 1065 1106 abrupte
1089 1052 1132 1093 in
1161 1050 1371 1105 petiolum
1394 1052 1625 1093 contracta.
1649 1071 1703 1079 —
1727 1047 1776 1089 P.
1801 1046 1944 1089 cordi-

245 1112 361 1164 folia
385 1113 523 1165 Rupr.
547 1111 680 1153 Prim.
707 1123 747 1165 p.
777 1112 873 1154 286.

253 1185 466 1277 ,FHssbhgn
498 1185 672 1221 Caucaso
700 1184 862 1221 centrali
886 1184 937 1220 ad
961 1183 1121 1220 Kasbek
1147 1185 1184 1219 et
1210 1182 1315 1219 Kobi
1333 1182 1439 1219 6000‘
1467 1182 1641 1229 (Ruprl),
1660 1181 1702 1216 in
1723 1180 1945 1216 Somcbetie

245 1241 252 1273 4
277 1256 302 1268 i.
360 1243 403 1268 oc
455 1262 461 1267 .

292 1297 447 1344 Species
466 1296 511 1332 P.
531 1297 689 1333 elatiori
711 1295 827 1332 valde
854 1296 1034 1342 proxima
1055 1298 1091 1331 et
1114 1306 1201 1331 cun]
1228 1298 1272 1331 ee
1296 1306 1319 1330 a
1341 1295 1462 1331 variis
1486 1293 1710 1331 auctoribus
1738 1294 1945 1339 conjuncta

248 1344 376 1380 differt
393 1344 497 1380 foliis
523 1344 672 1389 glabris
698 1345 931 1379 substantiae
954 1343 1156 1387 tenuioris,
1181 1342 1411 1389 pedunculis
1435 1344 1472 1378 et
1497 1352 1613 1389 scapo
1640 1341 1811 1377 breviter
1836 1339 1945 1375 velu-

248 1393 337 1427 tinis
356 1402 425 1427 nec
440 1392 557 1437 longe
572 1391 782 1433 villosulis,
797 1391 944 1436 calycis
959 1390 1142 1426 dentibus
1158 1390 1417 1426 brevioribus.
1433 1389 1655 1436 Specimina
1670 1391 1841 1424 Armena
1856 1396 1945 1423 cum

246 1438 409 1474 Altaicis
432 1439 672 1474 conveniunt
692 1438 759 1473 sed
779 1438 865 1474 icon
883 1437 1102 1473 Lehmanni
1123 1437 1225 1473 male
1245 1437 1419 1483 calycem
1437 1440 1618 1484 apertum
1641 1446 1709 1472 nec
1733 1438 1944 1481 angustum

245 1487 401 1522 corollae
421 1487 651 1533 adpressum
671 1485 840 1521 exhibet.

294 1551 353 1585 Ar.
378 1549 512 1595 Geoqr.
538 1549 680 1585 Sibiria
700 1549 914 1585 Uralensis.

310 1665 374 1705 110.
393 1663 449 1705 P.
474 1673 708 1706 amaena
732 1662 857 1718 (ΜΒ.
878 1662 1006 1704 Taur.
1026 1661 1149 1706 Cauc.
1176 1662 1207 1715 I,
1230 1674 1271 1717 p,
1301 1661 1400 1717 138)
1424 1661 1536 1707 foliis
1555 1660 1774 1714 rugulosis
1798 1660 1942 1704 ovatis

247 1726 291 1766 et
312 1723 508 1776 oblongis
526 1723 682 1766 subtus
701 1723 843 1777 griseo
869 1722 937 1764 vel
954 1721 1338 1765 cano-tomentosis
1364 1721 1408 1763 in
1428 1720 1634 1775 petiolum
1662 1720 1821 1774 saepius
1847 1731 1945 1762 sen-

249 1782 330 1825 sim
355 1781 605 1832 attenuati&
630 1782 769 1836 scapis
803 1781 1087 1824 umbelliferis
1115 1781 1298 1824 floribus
1326 1779 1643 1822 unilateraliter
1669 1779 1944 1832 nutantibus,

246 1842 462 1883 involucri
482 1840 641 1895 phyllis
673 1841 866 1884 breviter
901 1840 1147 1883 lanceolatis
1190 1840 1460 1892 acuminatis,
1500 1838 1721 1892 pedicellis
1754 1838 1944 1892 crispule

249 1900 446 1948 liii-suti&
486 1901 643 1953 calycis
680 1899 874 1944 breviter
910 1899 1011 1941 hirti
1049 1902 1230 1952 anguste
1268 1898 1493 1953 cylindrici
1536 1898 1707 1940 corollae
1745 1897 1944 1951 adpressi

249 1959 452 2002 dentibus
487 1958 735 2003 lanceolatis
766 1959 901 2002 acutis
939 1957 1043 2002 tubo
1079 1959 1211 2012 duplo
1245 1957 1538 2011 brevioribus,
1568 1957 1740 2000 corollae
1773 1956 1945 1999 intense

247 2030 484 2073 purpureae
515 2017 578 2073 (et
608 2019 829 2063 interdum
856 2030 909 2061 ex
933 2018 982 2061 cl.
1009 2017 1146 2071 Rupr.
1176 2018 1318 2073 flavae)
1345 2016 1476 2060 limbo
1512 2016 1638 2070 plano
1671 2017 1777 2059 tubo
1811 2015 1944 2069 aequi-

248 2078 373 2131 longo
410 2084 468 2125 24.
500 2078 555 2119 Ic.
590 2077 736 2121 Lelnn.
766 2079 875 2121 Mon.
907 2077 994 2120 tab.
1027 2077 1064 2119 3.
1104 2100 1159 2111 --
1195 2076 1244 2118 P.
1282 2076 1438 2119 elatior
1470 2088 1560 2118 var.
1589 2086 1757 2118 amaena
1782 2074 1942 2117 Ledeb.

250 2137 309 2179 Fl.
339 2138 460 2179 Ross.

298 2212 401 2246 Hah.
425 2211 465 2246 in
483 2211 641 2256 regione
662 2211 794 2258 alpina
819 2211 932 2247 Ponti
958 2210 1086 2246 Lazici
1112 2220 1233 2256 supra
1258 2208 1397 2255 Djimil
1420 2208 1525 2245 8000’
1550 2208 1688 2253 (Ball),
1715 2208 1756 2243 in
1783 2207 1946 2244 Caucasi

250 2259 413 2294 centrali
432 2263 563 2294 monte
583 2258 776 2295 Beschtau
795 2258 945 2304 (MR),
966 2257 1126 2294 Kasbek
1146 2256 1394 2293 6000'40000’
1415 2256 1541 2303 (Rupr
1554 2258 1573 2302 l,
1592 2255 1844 2300 Rehmannl).

306 2325 349 2377 β.
378 2324 555 2376 Meyeri.
583 2348 639 2354 —
674 2324 791 2366 Folia
820 2324 1081 2367 subcordata
1106 2323 1291 2377 abrupte
1317 2325 1359 2365 et
1386 2322 1556 2376 longius
1582 2321 1798 2375 petiolata,
1826 2319 1945 2375 pedi-

249 2384 343 2426 celli
371 2384 694 2437 glabrescentes
719 2409 773 2413 —
807 2382 855 2425 P.
880 2382 1045 2434 Meyerz·
1070 2383 1207 2436 Rupr.
1233 2384 1310 2425 loc.
1337 2382 1406 2425 cit.
1432 2395 1473 2436 p.
1498 2382 1595 2424 284.

296 2458 396 2493 Hab.
417 2458 457 2493 in
475 2459 608 2493 monte
627 2457 771 2493 Elbrus
793 2457 903 2501 (CA.
923 2456 1041 2502 Mey.)
1059 2459 1097 2492 et
1116 2456 1165 2493 ad
1186 2456 1311 2492 fontes
1329 2456 1406 2492 rivi
1425 2456 1544 2502 Ingur
1561 2453 1762 2500 (Raddez).

295 2524 450 2570 Species
478 2523 529 2559 ab
553 2523 661 2559 affini
688 2521 733 2558 P.
755 2522 913 2558 elatiore
930 2525 973 2558 ut
992 2521 1038 2557 P.
1056 2521 1283 2558 suaveolens
1305 2521 1354 2557 ab
1372 2520 1559 2567 officz'nalz‘
1575 2519 1680 2555 foliis
1699 2518 1839 2555 subtus
1856 2518 1946 2565 plus

250 2572 382 2625 minus
410 2572 518 2653 cani?
531 2570 750 2654 tdiscedens.
774 2569 951 2605 varietas
970 2569 1210 2605 intermediis
1233 2579 1321 2605 cum
1341 2570 1436 2615 typo
1455 2569 1661 2614 conjuncta
1679 2566 1841 2602 floribus
1859 2577 1949 2613 pur-

248 2629 378 2664 pureis
400 2629 491 2664 gant
507 2628 526 2654 e
549 2648 554 2652 .

307 2750 428 2793 Smer.
464 2750 538 2792 III.
573 2749 812 2793 ALEL'RlTIA
839 2749 967 2801 Duby
993 2748 1035 2790 in
1062 2762 1142 2792 1).c.
1165 2746 1319 2791 Prodr.
1344 2759 1397 2790 ex
1419 2748 1556 2800 parte.
1576 2769 1630 2778 --
1654 2744 1771 2787 Folia
1794 2754 1950 2786 verna-

541 2809 656 2852 tione
693 2809 933 2851 revolutiva
963 2808 1089 2862 plana
1116 2807 1183 2850 vel
1216 2807 1287 2850 vix
1321 2818 1481 2860 rugosa
1514 2804 1668 2849 subtus
1707 2814 1822 2857 saepe
1850 2802 1949 2844 fari-

543 2881 660 2910 nosa.
685 2867 817 2921 Calyx
847 2871 975 2910 teres.

311 2993 377 3032 11.
402 2990 459 3033 P.
482 2990 925 3046 megaseaefolia
950 2990 1108 3044 (Boiss.
1129 2992 1170 3032 et
1189 2989 1277 3032 Bal.
1303 2989 1346 3032 in
1364 2988 1455 3031 Bal.
1474 2989 1530 3042 pl.
1554 2988 1679 3030 Pont.
1702 2998 1792 3029 exs.
1816 2984 1948 3038 1866)
