2065 3271
147 207 400 253 Mart-ubitam.
886 218 1084 244 LABIATAE.
1772 208 1839 244 701

147 290 389 339 orbiculatis
415 289 609 332 breviter
635 290 851 344 petiolatis
873 290 1061 333 crenatis
1090 290 1246 333 subtus
1271 291 1486 333 intensius
1521 290 1678 340 niveis,
1710 289 1838 332 flora-

145 354 254 399 libus
294 349 489 401 obiongis
537 349 627 393 basi
669 350 793 404 longe
838 349 1033 392 cuneatis
1074 349 1256 392 deflexis
1299 350 1510 392 verticillo
1555 349 1839 402 longioribus,

146 408 459 458 verticillastris
485 410 666 451 remotis
692 408 928 459 6·8-ssoris,
959 408 1144 451 bracteis
1173 408 1321 461 paucis
1351 408 1623 451 brevissimis
1648 407 1839 460 spinosis

146 466 352 516 rec-urvis,
377 466 534 520 calycis
561 467 775 522 adpresse
800 468 927 509 lanati
953 467 1045 509 cani
1065 466 1269 509 dentibus
1291 467 1602 520 patentissimis
1624 466 1839 509 subulatis

144 526 288 583 rigidis
321 523 509 580 spinosis
541 525 769 569 dimidium
807 526 961 569 tubum
991 525 1279 580 aequantibus,
1308 525 1478 567 corollae
1505 526 1704 568 violacea}
1731 525 1835 567 tubo

142 586 304 633 incluso
339 591 375 633 '36
390 615 400 625 .

185 660 281 697 Hah.
302 659 342 694 in
361 660 481 695 aridis
499 660 689 707 lapidosis
712 663 750 696 et
778 660 951 696 arenosis
968 660 1018 696 ad
1039 659 1177 695 Swant
1203 662 1240 695 et
1263 659 1410 694 Tatuni
1437 658 1598 693 ditionis
1616 659 1837 695 Transcau·

145 707 275 746 casicae
295 706 469 753 Talysch
487 707 591 752 (CA.
612 707 722 753 Meyt
745 707 880 752 Hohl).

183 769 335 813 Fetiale,
362 769 457 806 folia
484 770 635 815 majora
651 769 674 806 9
691 770 815 806 lineas
832 769 922 806 lata.
951 769 1106 817 Species
1126 769 1290 804 bracteis
1310 768 1552 804 brevissimis
1571 767 1838 815 dentibusque

142 817 281 864 calycis
297 818 637 864 patenti-recurvis
659 818 795 863 rigidis
813 817 982 864 spinosis
1005 817 1184 863 insignis.

196 935 261 976 ³:22.
295 933 362 975 M.
396 931 776 977 leonuroides
801 933 955 988 (Desr.
991 933 1034 975 in
1062 932 1180 974 Lam.
1209 932 1319 974 Dict.
1348 933 1422 977 ΙΙΙ.
1455 945 1492 985 p.
1521 930 1625 985 7¹15)
1646 929 1839 973 breviter

141 992 569 1038 toilientello-liirtuni
599 992 753 1046 pallide
782 993 942 1043 virens,
970 992 1167 1035 caulibus
1194 991 1514 1040 crassiusculis‚
1542 990 1652 1033 soliis
1680 989 1838 1032 subtus

140 1052 464 1099 canescentibus
505 1051 719 1105 petiolatis
755 1052 897 1094 ovatis
934 1051 1188 1105 majusculis
1223 1061 1376 1104 grosse
1415 1054 1456 1092 et
1489 1049 1643 1092 obtuse
1684 1049 1837 1090 inciso-

139 1111 334 1163 dentatis,
360 1111 585 1154 floralibus
609 1110 805 1164 oblongis
840 1110 1034 1153 breviter
1066 1109 1280 1163 petiolatis
1317 1109 1505 1151 dentatis
1531 1107 1838 1150 verticillastra

140 1174 299 1214 remota
319 1183 450 1224 parva
474 1169 706 1212 multiflora
726 1170 862 1212 multo
878 1168 1206 1223 superantibus,
1225 1168 1412 1211 bracteis
1434 1165 1651 1210 stibulatis
1669 1166 1838 1209 villosis

139 1229 254 1283 apice
291 1229 531 1283 spinulosis
565 1229 773 1282 glabratis
809 1229 952 1282 calyce
990 1227 1354 1272 subbrevioribus
1391 1225 1649 1280 patentibus.
1675 1225 1834 1278 calycis

139 1287 384 1331 albo-lanati
405 1288 607 1330 dentibus
630 1287 846 1330 subulatis
874 1288 993 1341 apice
1021 1288 1261 1341 spinulosis
1285 1286 1449 1339 glabris
1478 1288 1834 1338 recurvo-paten-

138 1346 250 1391 tibus
284 1347 389 1390 tubo
427 1346 558 1401 duplo
596 1346 892 1398 brevioribus,
933 1347 1106 1389 corollae
1144 1357 1281 1389 roseae
1322 1345 1424 1387 tubo
1461 1344 1720 1387 subexserto
1765 1349 1828 1390 26.

137 1403 189 1449 M.
208 1404 551 1448 Ascrae-aniciam
576 1406 630 1449 M.
659 1407 710 1449 B.
741 1405 788 1449 11
821 1418 860 1460 p.
894 1406 948 1448 5⁵2
973 1418 1056 1448 non
1084 1405 1200 1460 Jacq.
1228 1430 1286 1436 —
1310 1403 1447 1446 Rchb.
1476 1404 1530 1446 Ic.
1556 1403 1763 1445 tab-299.

182 1479 280 1515 Hah.
302 1480 342 1515 in
362 1479 552 1526 lapidosis
572 1479 734 1516 Caucasi
754 1479 803 1515 ad
823 1480 1003 1515 Narzana
1028 1479 1086 1525 (M
1102 1479 1177 1524 R),
1206 1477 1411 1524 Ptttigorsk
1438 1476 1642 1522 (Hohenl),
1669 1476 1718 1512 ad
1747 1476 1834 1512 Gir-

137 1525 447 1619 ggoti,-(ssl})ggng,
484 1530 537 1609 in¹
553 1526 768 1563 ditionibus
803 1526 958 1563 Ossetia
988 1529 1025 1569 et
1052 1525 1189 1573 Alagir
1208 1526 1313 1562 250&
1333 1527 1371 1560 et
1386 1524 1659 1570 Daghestania
1685 1523 1834 1560 boreali

445 1585 518 1621 upr
541 1575 567 1619 ).

191 1640 235 1694 β.
257 1640 518 1693 plumosum.
551 1664 602 1670 —
627 1640 937 1684 Indunientum
961 1639 1155 1681 breviter
1180 1642 1222 1680 et
1255 1638 1443 1681 molliter
1468 1637 1706 1688 cinereum,
1730 1636 1834 1680 folia

135 1697 338 1743 inferiora
363 1699 613 1743 1·eniformia
639 1703 892 1742 transverse
919 1698 1172 1750 sublatiora‚
1198 1697 1365 1741 floralia
1392 1696 1643 1747 orbiculata,
1678 1696 1837 1749 calycis

137 1758 284 1803 dentes
318 1759 474 1802 setacei
513 1759 697 1813 plumosi
728 1757 832 1802 tubo
858 1758 931 1802 vix
959 1758 1196 1801 breviores.
1240 1781 1293 1787 -
1334 1755 1389 1798 M.
1413 1755 1667 1810 plumoszcm
1699 1753 1741 1795 C.
1783 1754 1836 1796 A.

136 1815 243 1873 Mey.
271 1818 427 1860 Enum.
458 1831 501 1872 p.
533 1818 604 1861 96.

180 1892 280 1929 Hah.
305 1893 346 1928 in
363 1893 519 1939 regione
537 1893 673 1940 alpina
691 1892 856 1929 Caucasi
874 1891 1085 1928 Orientalis
1102 1891 1248 1928 8-9000‘
1267 1891 1374 1936 (CA.
1396 1890 1534 1936 Meyl).

181 1956 322 1993 Pedale
340 1959 378 1992 et
399 1956 581 2004 bipedale
601 1957 668 1992 sed
686 1955 882 1992 interdum
901 1958 939 1991 et
956 1955 1171 2002 praesertim
1188 1955 1228 1990 in
1247 1955 1438 1990 varietate
1457 1952 1666 1994 humilius:
1687 1953 1836 1999 species

135 2002 238 2040 foliis
262 2003 457 2051 profunde
486 2004 619 2040 incisis
648 2006 685 2040 et
717 2003 920 2039 verticillis
948 2002 1161 2049 compactis
1193 2002 1351 2038 remotis
1382 2000 1560 2046 insignis.
1598 2000 1768 2036 Erronee
1796 2001 1836 2035 in

135 2047 276 2087 Tauria
292 2054 330 2087 et
347 2051 490 2087 Bossia
509 2053 650 2087 austro·
661 2050 842 2087 orientali
862 2049 1091 2086 indicatum.

194 2171 261 2212 23.
294 2171 362 2214 M.
397 2171 803 2226 propinquum
837 2169 899 2217 (F.
930 2172 972 2212 et
995 2168 1048 2211 M.
1077 2168 1211 2210 Index
1235 2168 1252 2210 Ι
1280 2167 1453 2222 Petrop.
1482 2179 1521 2220 p.
1552 2165 1627 2221 33)
1663 2166 1837 2208 villoso·

137 2239 380 2280 canescens,
405 2229 603 2273 caulibus
627 2230 784 2272 erectis
803 2229 1005 2276 ramosis,
1032 2228 1144 2271 foliis
1164 2227 1378 2281 petiolatis
1398 2225 1657 2279 subrugosis
1680 2225 1838 2268 subtus

135 2285 349 2332 intensius
383 2289 567 2332 cinereis
591 2300 741 2343 grosse
765 2288 953 2332 crenatis
984 2287 1264 2331 inferioribus
1291 2299 1312 2327 a
1341 2285 1433 2327 basi
1461 2286 1644 2327 cuneata
1671 2283 1838 2326 orbicu-

137 2344 248 2393 latis.
288 2347 516 2391 floralibus
557 2348 750 2392 breviter
788 2347 1004 2402 petiolatis
1037 2345 1440 2398 obovato-oblongis
1475 2343 1566 2385 basi
1599 2343 1837 2385 attenuatis

136 2407 437 2450 verticillastra
465 2407 600 2450 multo
636 2406 965 2461 superantibus,
991 2404 1308 2449 verticillastris
1337 2402 1526 2456 globosis
1550 2401 1834 2450 distantibus,

135 2461 319 2509 bracteis
339 2466 554 2510 subulatis
575 2466 756 2509 deflexis
782 2467 924 2520 calyce
948 2463 1327 2514 subbrevioribus‚
1353 2463 1511 2516 calycis
1533 2460 1674 2504 striati
1695 2461 1837 2503 villosi

136 2522 336 2568 dentibus
365 2524 579 2568 subuletis
613 2525 850 2580 spinulosis
879 2524 1053 2566 demum
1084 2523 1331 2577 patentibus
1366 2521 1470 2564 tubo
1503 2520 1680 2562 dimidio
1706 2519 1837 2574 {equi-

135 2579 270 2637 longis
297 2585 367 2627 vel
392 2584 760 2637 sublongioribus,
778 2583 952 2627 corollze
969 2593 1107 2626 roseae
1129 2581 1230 2625 tubo
1250 2582 1319 2623 vix
1337 2583 1510 2623 exserto
1538 2585 1596 2627 26.
1618 2578 1674 2620 M.
1700 2590 1836 2620 cccru-

136 2637 296 2745 gesceng
329 2643 423 2686 Btli.
462 2643 503 2685 in
540 2656 619 2688 nc.
656 2643 809 2686 Prodr.
835 2657 887 2687 ex
924 2653 1038 2697 spec.
1074 2641 1364 2695 Barclayanol
1402 2652 1455 2682 an
1486 2638 1604 2680 Desf.
1642 2638 1729 2680 Cat.
1757 2636 1833 2678 Ed.

163 2705 182 2728 ³
208 2715 245 2756 p.
300 2704 354 2745 95
378 2707 421 2746 et
443 2702 562 2745 433⁶?

179 2775 280 2813 Hab.
314 2778 353 2813 in
387 2779 490 2824 agris
522 2777 679 2813 incultis
710 2777 869 2813 ditionis
896 2775 1067 2822 Talysch
1099 2784 1219 2822 prope
1250 2774 1396 2809 Tatuni
1422 2773 1531 2818 (CA.
1560 2773 1669 2818 Meyl
1701 2770 1835 2815 Hohl),

133 2829 252 2871 prope
273 2825 539 2861 Helenendort
560 2825 770 2871 (Hohent),
788 2826 828 2859 in
847 2824 980 2859 Persia
999 2822 1147 2859 boreali
1161 2832 1280 2869 prope
1299 2821 1441 2856 Tabris
1461 2820 1611 2866 (Bge!).

183 2886 303 2925 Valde
330 2892 367 2924 et
391 2889 522 2924 forsan
550 2888 668 2924 nimis
694 2888 808 2924 affine
834 2886 887 2923 M.
916 2885 1145 2927 leonuroz'dz',
1175 2884 1266 2920 lana
1293 2883 1431 2922 laxior.
1462 2883 1555 2919 folia
1582 2884 1736 2918 crenata
1766 2889 1836 2915 nec

133 2930 264 2978 incisa,
290 2937 407 2972 etiarn
435 2935 618 2971 inferiora
645 2935 731 2971 basi
756 2938 931 2980 cuneata,
959 2934 1073 2970 flores
1093 2933 1352 2968 subminores.
1386 2931 1440 2967 M.
1461 2930 1712 2968 coerulescens
1732 2926 1833 2963 Desf.

133 2975 230 3017 Hort
249 2982 335 3019 Par.
354 2994 401 3020 ex
423 2983 548 3019 Catal.
570 2993 604 3031 p.
626 2982 696 3020 433
714 2985 771 3019 est
787 2983 920 3029 potius
940 2981 995 3025 M.
1014 2979 1270 3018 leonuroides.
