2100 3262
282 220 354 262 2156
1000 226 1286 253 BORRAGINEAE.
1677 218 1980 267 Paracaryum.

280 300 353 336 feri
369 297 672 345 4-5-pollicares‚
687 297 801 333 flores
821 297 876 332 eis
896 296 939 332 Ρ,
957 296 1177 333 micranthz‘
1187 307 1265 332 non
1285 297 1453 343 majores
1473 298 1541 334 sed
1560 296 1714 334 nueulae
1736 298 1851 345 triplo
1867 300 1989 346 majo-

279 357 340 382 res
359 347 381 382 2
395 348 434 389 ¹s2
459 346 582 380 lineas
603 344 719 380 diam.
743 344 844 380 latae.

849 470 868 486 ¹
895 470 914 488 ”
942 471 1107 506 Biennia
1132 470 1195 507 vel
1216 472 1417 517 perennia.

343 576 383 615 5.
421 572 479 615 P.
509 571 867 627 ruqulosum
891 570 989 622 (nc.
1010 570 1165 613 Prodr.
1189 570 1243 624 X,
1264 585 1303 626 p.
1332 571 1431 626 161)
1452 582 1658 625 perenne,
1681 586 1703 614 e
1723 573 1866 616 radice
1889 586 1988 617 ver-

280 633 394 676 ticali
423 631 609 686 simplici
635 630 1115 685 cespitoso-pluricaule
1141 634 1278 673 totum
1306 630 1564 673 indumento
1591 630 1713 674 brevi
1736 631 1870 674 denso
1889 633 1985 676 albo

281 692 444 746 saepius
472 695 666 733 reti-orso
703 690 947 732 velutinum
986 700 1220 732 canescens
1254 689 1320 731 vel
1356 700 1525 741 canum,
1553 690 1666 733 foliis
1702 691 1984 735 inferioribus

281 748 740 804 oblongo-lanceolatis
765 748 856 790 basi
880 748 1006 800 longe
1029 749 1278 799 attenuatis,
1302 748 1483 791 caulinis
1511 749 1760 793 lanceolatis
1787 754 1829 793 et
1853 751 1986 794 linea-

280 810 404 852 ribus
441 808 617 855 strictis,
645 807 843 850 caulibus
880 808 1040 861 saepius
1081 807 1257 860 pumilis
1299 818 1426 861 parce
1460 811 1504 850 et
1537 809 1685 850 stricte
1715 810 1985 862 paniculatis‚

280 868 466 910 racemis
497 866 734 910 fructiferis
763 866 975 909 brevibus
1014 866 1139 917 laxis⁷
1168 866 1393 921 pedicellis
1432 867 1669 910 fructiferis
1705 868 1866 922 patulis
1901 882 1983 912 non

280 927 536 970 incrassatis
555 926 722 980 calyces
741 925 1015 980 aequantibus
1040 926 1106 967 vel
1125 925 1407 969 inferioribus
1429 925 1796 980 sublongioribus‚
1813 929 1986 971 corollae

279 999 427 1041 parva)
448 986 647 1029 violaceae
672 986 737 1027 vel
764 996 999 1040 purpureae
1023 982 1152 1027 limbo
1172 985 1324 1028 tubum
1348 985 1479 1039 calyci
1500 985 1878 1039 subaequilongum
1900 1000 1985 1030 non

279 1050 495 1100 aequante.
532 1044 772 1087 fornicibus
798 1044 974 1087 inclusis
1012 1044 1151 1086 ovatis
1187 1044 1497 1090 obtusissimis,
1542 1044 1711 1087 nuculis
1751 1046 1984 1099 sphaerico-

278 1104 652 1147 calathiformibus
691 1103 808 1146 disco
848 1103 1105 1146 ecliinulatis
1149 1103 1215 1146 vel
1259 1103 1455 1155 movibus,
1502 1103 1753 1146 membrana
1800 1104 1983 1148 bullato-

275 1166 435 1217 rngosa
476 1163 667 1216 margine
712 1162 904 1205 breviter
948 1162 1465 1205 denticulato-introflexa
1513 1169 1574 1210 26.
1626 1163 1674 1205 P.
1721 1163 1984 1215 ruynloszcm

277 1222 417 1265 Boiss.
448 1222 524 1265 loc.
549 1223 618 1265 cit.
646 1236 686 1276 p.
719 1223 809 1264 131.
841 1245 890 1253 —
921 1220 1207 1277 Omphalodes
1229 1221 1409 1263 Persica
1436 1221 1574 1264 Boiss.
1598 1222 1747 1276 Diagn
1772 1222 1864 1265 Ser.
1891 1224 1921 1267 I.
1944 1225 1981 1272 7,

276 1294 318 1336 p.
347 1282 402 1324 30
426 1286 467 1323 et
494 1282 801 1333 Paracaryetm
834 1280 1062 1323 Persicum
1095 1281 1236 1324 Boiss.
1273 1281 1430 1334 Diagn.
1462 1281 1492 1322 Ι.
1523 1304 1575 1312 -
1613 1281 1659 1323 P.
1687 1281 1981 1336 rabrzflorztm

278 1340 430 1383 Stocks
455 1341 498 1383 in
525 1340 659 1382 Hook.
685 1341 837 1383 Journ.
864 1339 954 1382 Bot.
981 1339 1050 1391 Ν,
1082 1341 1204 1392 1859,
1230 1354 1270 1395 p.
1300 1342 1392 1382 175.
1420 1364 1472 1371 -
1497 1339 1784 1393 Omphalodcs
1811 1353 1980 1396 myoso-

277 1401 414 1442 toe’des
437 1400 614 1442 Fresen.
642 1399 774 1442 Beitr.
806 1400 889 1441 170
913 1411 998 1442 non
1028 1398 1178 1441 Labill.

324 1473 426 1509 Hah.
449 1473 488 1508 in
507 1472 669 1509 desertis
688 1473 863 1509 arenosis
882 1472 1074 1519 lapidosis
1093 1473 1236 1509 deserti
1250 1474 1425 1509 Sinaitici
1445 1476 1481 1508 et
1500 1474 1646 1520 inJugo
1664 1473 1773 1509 Sinai
1793 1473 1980 1521 (Schimp.

276 1521 363 1557 4031
397 1521 519 1556 Aucti.
540 1520 650 1556 2286!
679 1520 842 1565 Boissl),
873 1520 1005 1556 Persia
1029 1520 1195 1556 australi
1225 1521 1275 1556 ad
1294 1521 1520 1568 Persepolin
1552 1521 1642 1566 (ΚΥ.
1666 1521 1782 1566 2401),
1811 1521 1982 1568 Ispahan

275 1567 414 1613 (Auch.
436 1567 578 1613 49691),
607 1568 787 1603 orientali
806 1568 854 1603 ad
873 1567 1049 1608 Rischm‚
1072 1567 1284 1613 Djendack,
1312 1568 1405 1604 Jezd
1432 1568 1631 1613 (Buhsei),
1661 1569 1710 1604 ad
1729 1569 1927 1605 Chabbise
1946 1573 1983 1605 et

272 1615 444 1651 Kerman
478 1617 514 1650 et
545 1626 664 1662 prope
696 1615 926 1651 Ssertscbah
957 1615 1107 1661 (Egel),
1135 1616 1282 1652 boreali
1313 1615 1497 1652 orientali
1525 1616 1574 1651 ad
1603 1615 1808 1652 Schahrud
1830 1616 1983 1663 (Bge!),

273 1663 488 1709 Aflghania
504 1663 673 1708 (cirini),
692 1663 919 1698 Belutschia
937 1662 1140 1707 (Stocksll.

330 1729 374 1783 β.
412 1728 760 1784 cyclliymenium
801 1753 857 1760 —
884 1730 1028 1783 Margo
1054 1730 1315 1772 nucularum
1348 1730 1484 1782 magis
1516 1742 1705 1783 rugosus
1743 1735 1870 1773 extus
1916 1732 1979 1772 1-2

269 1788 538 1832 membranis
567 1789 853 1831 circularibus
880 1789 1087 1843 crispulis
1112 1801 1161 1832 eo
1180 1788 1461 1832 brevioribus
1487 1794 1653 1832 auctus.

317 1862 416 1897 Hab.
437 1862 476 1896 in
495 1861 631 1898 Persia
645 1873 764 1910 prope
781 1863 988 1898 Schahrud
1003 1863 1149 1908 (Bge!)‚
1166 1863 1205 1898 in
1222 1864 1354 1899 monte
1375 1863 1453 1899 Sofi
1472 1873 1592 1910 prope
1612 1863 1782 1910 Ispahan
1807 1863 1932 1907 (Bode
1942 1864 1979 1908 1),

269 1909 310 1945 in
329 1912 461 1945 monte
485 1909 647 1946 Kohrud
665 1920 786 1957 prope
807 1910 990 1946 Kaschan
1010 1910 1134 1955 (Derd
1147 1913 1184 1956 1),
1204 1911 1336 1946 Persia
1351 1911 1518 1946 australi
1538 1911 1676 1955 (Aucli.
1698 1911 1836 1955 49711).

316 1974 577 2021 Semipedale,
603 1975 731 2010 rarius
750 1975 922 2021 longum,
942 1975 1056 2011 flores
1083 1979 1119 2011 et
1145 1975 1299 2011 nuculae
1322 1975 1379 2011 eis
1398 1975 1442 2011 P.
1465 1975 1683 2012 mz‘crantkz'
1698 1976 1836 2011 saltem
1857 1974 1978 2022 duplo

269 2022 448 2067 maiores.
469 2022 581 2057 Notae
600 2022 746 2069 quibus
761 2022 943 2069 plantam
962 2022 1155 2059 Persicam
1175 2022 1226 2058 ab
1243 2023 1411 2059 Arabica
1425 2023 1681 2059 distinxeram
1697 2023 1977 2071 speciminibus

269 2068 452 2115 plurimis
472 2070 654 2105 confertis
677 2070 889 2106 variabiles
910 2071 1013 2105 sunt.

332 2186 371 2226 6.
406 2184 463 2227 P.
489 2182 851 2229 undulatam
888 2184 1047 2240 (Boiss.
1086 2185 1239 2240 Diagn.
1272 2185 1369 2228 Ser.
1398 2186 1430 2235 1,
1465 2188 1527 2231 11,
1566 2200 1606 2240 p.
1641 2187 1737 2237 129)
1769 2198 1977 2239 perenne,

269 2244 418 2286 virens
440 2243 538 2297 pilis
556 2256 578 2286 e
596 2242 823 2287 tuberculo
842 2245 950 2287 ortis
968 2244 1134 2287 crebr1s
1160 2245 1321 2299 patulis
1343 2246 1613 2299 asperulum.
1635 2245 1831 2288 caulibus
1851 2246 1975 2287 elatis

267 2302 502 2357 gracilibus
518 2303 791 2357 paniculatis,
817 2304 926 2347 foliis
946 2303 1404 2357 oblongo-lanceolatis
1423 2304 1560 2347 acutis
1583 2304 1975 2357 undulato-crispis

266 2362 533 2405 radic-atibus
562 2363 605 2404 in
635 2363 842 2416 petiolum
869 2364 1115 2413 attenuatis,
1146 2366 1328 2406 racemis
1364 2364 1600 2407 fructiferis
1634 2363 1844 2416 elongatis
1872 2363 1978 2406 den-

266 2421 476 2464 siusculis
496 2421 714 2472 secundis,
736 2421 956 2475 pedicellis
974 2422 1211 2464 fructiferis
1236 2423 1380 2476 calyce
1404 2422 1783 2473 snbbrevioribus,
1802 2422 1976 2465 corollae

263 2481 466 2523 caeruleae
493 2480 623 2522 limbo
650 2481 805 2523 tubum
841 2481 976 2534 calyci
1012 2481 1388 2536 subaeqnilongum
1430 2493 1513 2524 non
1553 2486 1767 2535 aequante,
1802 2482 1973 2524 nuculis

266 2539 480 2593 spliaerico
504 2539 877 2583 calathiformibus
906 2540 1024 2583 disco
1053 2540 1337 2590 tuberculato,
1363 2541 1614 2583 membrana
1640 2541 1766 2583 valde
1792 2540 1974 2583 bullato-

263 2601 423 2652 rugosa
445 2602 545 2642 ante
574 2599 812 2652 marginem
839 2600 1118 2642 introflexum
1147 2600 1458 2644 denticulatuni
1484 2600 1757 2643 tuberoni-ata
1793 2606 1852 2647 ᾏ.

311 2671 415 2707 Hal).
451 2671 490 2706 in
522 2672 667 2707 Persiae
700 2672 870 2709 borealis
902 2676 1034 2708 monte
1062 2673 1206 2709 Elbrus
1239 2683 1358 2721 prope
1389 2673 1571 2708 Derbend
1596 2673 1684 2718 (ΚΥ.
1708 2674 1824 2719 1361),
1881 2684 1972 2720 rope

260 2718 425 2812 3312&er
443 2719 640 2763 (ssuhseli,
654 2720 692 2755 in
712 2731 822 2768 prov.
839 2720 1080 2766 Aderbidjan
1100 2721 1240 2765 (Auch.
1256 2721 1400 2765 49721),
1417 2721 1465 2756 ad
1481 2720 1676 2756 Seidabad
1693 2731 1813 2768 prope
1863 2721 1971 2757 abris

308 2828 464 2874 Pedale,
482 2830 596 2865 affine
615 2830 659 2865 Ρ.
679 2831 866 2877 rufflcloso
885 2843 907 2867 a
927 2842 1004 2878 quo
1024 2831 1252 2868 distinctum
1267 2831 1424 2867 videtur
1439 2832 1542 2867 foliis
1559 2834 1737 2879 margine
1757 2833 1969 2869 undulato-

259 2876 412 2923 erispis‚
434 2877 664 2914 indumento
682 2881 828 2925 patenti
849 2889 986 2926 aspero
1013 2879 1147 2925 Stylus
1167 2880 1267 2915 inter
1284 2879 1451 2915 nuculas
1470 2880 1634 2916 brevior.

323 3002 360 3043 7.
396 3001 452 3044 P.
494 3003 775 3048 strictum
811 3002 877 3057 (C.
916 3004 1030 3047 Koch
1061 3003 1182 3046 Linn.
1224 3005 1348 3056 1843,
1387 3017 1424 3058 p.
1455 3005 1537 3046 302
1565 3005 1645 3047 sub
1680 3003 1965 3058 Omphalode)

2086 0 2092 56 1

2087 77 2093 133 l

2088 134 2093 206 1

2089 207 2095 281 ξ

2090 286 2092 311 l

2091 378 2096 449 1

2094 603 2099 628 t

2095 698 2097 728 1
