<?xml version="1.0" encoding="UTF-8"?>
<!DOCTYPE html PUBLIC "-//W3C//DTD XHTML 1.0 Transitional//EN"
    "http://www.w3.org/TR/xhtml1/DTD/xhtml1-transitional.dtd">
<html xmlns="http://www.w3.org/1999/xhtml" xml:lang="en" lang="en">
 <head>
  <title>
</title>
<meta http-equiv="Content-Type" content="text/html;charset=utf-8" />
  <meta name='ocr-system' content='tesseract 3.04.00' />
  <meta name='ocr-capabilities' content='ocr_page ocr_carea ocr_par ocr_line ocrx_word'/>
</head>
<body>
  <div class='ocr_page' id='page_1' title='image "./floraorientaliss04bois_1080.png"; bbox 0 0 2100 3262; ppageno 0'>
   <div class='ocr_carea' id='block_1_1' title="bbox 269 182 1945 229">
    <p class='ocr_par' dir='ltr' id='par_1_1' title="bbox 269 182 1945 229">
     <span class='ocr_line' id='line_1_1' title="bbox 269 182 1945 229; baseline -0.004 -2"><span class='ocrx_word' id='word_1_1' title='bbox 269 189 364 227; x_wconf 74' lang='lat'>1072</span> <span class='ocrx_word' id='word_1_2' title='bbox 978 191 1224 217; x_wconf 80' lang='lat' dir='ltr'>CYTINACEAE.</span> <span class='ocrx_word' id='word_1_3' title='bbox 1725 182 1928 229; x_wconf 78' lang='lat' dir='ltr'>Pz&#39;lostyles</span> <span class='ocrx_word' id='word_1_4' title='bbox 1937 212 1945 220; x_wconf 92' lang='lat'>.</span> 
     </span>
    </p>
   </div>
   <div class='ocr_carea' id='block_1_2' title="bbox 268 262 1956 1107">
    <p class='ocr_par' dir='ltr' id='par_1_2' title="bbox 268 262 1952 613">
     <span class='ocr_line' id='line_1_2' title="bbox 334 262 1949 320; baseline -0.004 -8"><span class='ocrx_word' id='word_1_5' title='bbox 334 274 368 313; x_wconf 83' lang='lat'>1.</span> <span class='ocrx_word' id='word_1_6' title='bbox 395 270 449 312; x_wconf 91' lang='lat' dir='ltr'>P.</span> <span class='ocrx_word' id='word_1_7' title='bbox 473 265 937 310; x_wconf 81' lang='lat' dir='ltr'>Haussknechtii</span> <span class='ocrx_word' id='word_1_8' title='bbox 958 265 1117 320; x_wconf 69' lang='lat' dir='ltr'>(Boiss</span> <span class='ocrx_word' id='word_1_9' title='bbox 1149 264 1323 306; x_wconf 83' lang='lat' dir='ltr'><strong>Archiv.</strong></span> <span class='ocrx_word' id='word_1_10' title='bbox 1354 262 1460 304; x_wconf 88' lang='lat' dir='ltr'>Bibl.</span> <span class='ocrx_word' id='word_1_11' title='bbox 1487 263 1612 306; x_wconf 89' lang='lat' dir='ltr'>Univ.</span> <span class='ocrx_word' id='word_1_12' title='bbox 1638 263 1798 308; x_wconf 87' lang='lat' dir='ltr'>Genev.</span> <span class='ocrx_word' id='word_1_13' title='bbox 1824 266 1949 316; x_wconf 79' lang='grc'><strong>1866,</strong></span> 
     </span>
     <span class='ocr_line' id='line_1_3' title="bbox 271 321 1951 381; baseline -0.004 -9"><span class='ocrx_word' id='word_1_14' title='bbox 271 329 409 375; x_wconf 84' lang='lat' dir='ltr'>XXV.</span> <span class='ocrx_word' id='word_1_15' title='bbox 444 341 483 381; x_wconf 90' lang='lat' dir='ltr'>p.</span> <span class='ocrx_word' id='word_1_16' title='bbox 514 326 617 379; x_wconf 72' lang='lat'>259)</span> <span class='ocrx_word' id='word_1_17' title='bbox 651 325 835 367; x_wconf 78' lang='lat' dir='ltr'>bracteis</span> <span class='ocrx_word' id='word_1_18' title='bbox 872 328 912 367; x_wconf 89' lang='lat' dir='ltr'>et</span> <span class='ocrx_word' id='word_1_19' title='bbox 943 323 1168 378; x_wconf 87' lang='lat' dir='ltr'>perianthii</span> <span class='ocrx_word' id='word_1_20' title='bbox 1195 321 1349 375; x_wconf 84' lang='lat' dir='ltr'>phyllis</span> <span class='ocrx_word' id='word_1_21' title='bbox 1372 321 1452 363; x_wconf 86' lang='lat' dir='ltr'>sub</span> <span class='ocrx_word' id='word_1_22' title='bbox 1482 322 1532 362; x_wconf 88' lang='lat'>14</span> <span class='ocrx_word' id='word_1_23' title='bbox 1557 323 1844 366; x_wconf 79' lang='lat' dir='ltr'>exterioribus</span> <span class='ocrx_word' id='word_1_24' title='bbox 1870 324 1951 366; x_wconf 84' lang='lat' dir='ltr'>late</span> 
     </span>
     <span class='ocr_line' id='line_1_4' title="bbox 271 379 1952 441; baseline -0.003 -11"><span class='ocrx_word' id='word_1_25' title='bbox 271 385 675 441; x_wconf 79' lang='lat' dir='ltr'>elliptico-oblougis</span> <span class='ocrx_word' id='word_1_26' title='bbox 698 384 979 427; x_wconf 85' lang='lat' dir='ltr'>interioribus</span> <span class='ocrx_word' id='word_1_27' title='bbox 1016 381 1239 423; x_wconf 84' lang='lat' dir='ltr'>latioribus</span> <span class='ocrx_word' id='word_1_28' title='bbox 1271 379 1527 433; x_wconf 83' lang='lat' dir='ltr'>spathulatis</span> <span class='ocrx_word' id='word_1_29' title='bbox 1565 382 1718 424; x_wconf 79' lang='lat' dir='ltr'>erectiS</span> <span class='ocrx_word' id='word_1_30' title='bbox 1755 381 1952 425; x_wconf 85' lang='lat' dir='ltr'>omnibus</span> 
     </span>
     <span class='ocr_line' id='line_1_5' title="bbox 268 437 1952 499; baseline -0.005 -10"><span class='ocrx_word' id='word_1_31' title='bbox 268 445 460 499; x_wconf 80' lang='lat' dir='ltr'>integris,</span> <span class='ocrx_word' id='word_1_32' title='bbox 485 443 681 484; x_wconf 70' lang='lat' dir='ltr'>columna</span> <span class='ocrx_word' id='word_1_33' title='bbox 699 443 961 486; x_wconf 75' lang='lat' dir='ltr'>antherifera</span> <span class='ocrx_word' id='word_1_34' title='bbox 979 439 1172 492; x_wconf 77' lang='lat' dir='ltr'>capitata,</span> <span class='ocrx_word' id='word_1_35' title='bbox 1195 437 1386 479; x_wconf 73' lang='lat' dir='ltr'>anthei-is</span> <span class='ocrx_word' id='word_1_36' title='bbox 1405 439 1639 487; x_wconf 79' lang='lat' dir='ltr'>biseriatis,</span> <span class='ocrx_word' id='word_1_37' title='bbox 1664 440 1808 482; x_wconf 87' lang='lat' dir='ltr'>ovario</span> <span class='ocrx_word' id='word_1_38' title='bbox 1827 441 1952 482; x_wconf 82' lang='lat' dir='ltr'>senli-</span> 
     </span>
     <span class='ocr_line' id='line_1_6' title="bbox 273 496 1950 558; baseline -0.005 -10"><span class='ocrx_word' id='word_1_39' title='bbox 273 515 446 558; x_wconf 84' lang='lat' dir='ltr'>supero,</span> <span class='ocrx_word' id='word_1_40' title='bbox 489 502 688 554; x_wconf 76' lang='lat' dir='ltr'>stigmato</span> <span class='ocrx_word' id='word_1_41' title='bbox 716 501 958 550; x_wconf 81' lang='lat' dir='ltr'>umbouato,</span> <span class='ocrx_word' id='word_1_42' title='bbox 1002 496 1324 550; x_wconf 82' lang='lat' dir='ltr'>discoepigyno</span> <span class='ocrx_word' id='word_1_43' title='bbox 1350 497 1485 548; x_wconf 84' lang='lat' dir='ltr'>nullo,</span> <span class='ocrx_word' id='word_1_44' title='bbox 1530 498 1671 539; x_wconf 88' lang='lat' dir='ltr'>ovulis</span> <span class='ocrx_word' id='word_1_45' title='bbox 1709 510 1784 551; x_wconf 85' lang='lat' dir='ltr'>per</span> <span class='ocrx_word' id='word_1_46' title='bbox 1821 502 1950 542; x_wconf 86' lang='lat' dir='ltr'>totam</span> 
     </span>
     <span class='ocr_line' id='line_1_7' title="bbox 271 560 942 613; baseline -0.007 -8"><span class='ocrx_word' id='word_1_47' title='bbox 271 562 407 606; x_wconf 90' lang='lat' dir='ltr'>ovarii</span> <span class='ocrx_word' id='word_1_48' title='bbox 431 561 655 602; x_wconf 76' lang='lat' dir='ltr'>cavitatem</span> <span class='ocrx_word' id='word_1_49' title='bbox 684 560 848 613; x_wconf 79' lang='lat' dir='ltr'>sparsis</span> <span class='ocrx_word' id='word_1_50' title='bbox 880 564 942 609; x_wconf 75' lang='lat' dir='ltr'>O.</span> 
     </span>
    </p>

    <p class='ocr_par' dir='ltr' id='par_1_3' title="bbox 271 628 1954 859">
     <span class='ocr_line' id='line_1_8' title="bbox 317 628 1954 676; baseline -0.004 -6"><span class='ocrx_word' id='word_1_51' title='bbox 317 635 418 670; x_wconf 84' lang='lat' dir='ltr'>Hab.</span> <span class='ocrx_word' id='word_1_52' title='bbox 450 635 491 668; x_wconf 86' lang='lat' dir='ltr'>in</span> <span class='ocrx_word' id='word_1_53' title='bbox 524 632 686 668; x_wconf 81' lang='lat' dir='ltr'>ramulis</span> <span class='ocrx_word' id='word_1_54' title='bbox 717 633 915 668; x_wconf 71' lang='lat' dir='ltr'>variarum</span> <span class='ocrx_word' id='word_1_55' title='bbox 946 630 1160 676; x_wconf 81' lang='lat' dir='ltr'>specierum</span> <span class='ocrx_word' id='word_1_56' title='bbox 1201 628 1450 674; x_wconf 82' lang='lat' dir='ltr'>spinosarum</span> <span class='ocrx_word' id='word_1_57' title='bbox 1484 628 1691 674; x_wconf 54' lang='lat' dir='ltr'>Asu-apale·</span> <span class='ocrx_word' id='word_1_58' title='bbox 1722 629 1770 663; x_wconf 74' lang='lat' dir='ltr'>ad</span> <span class='ocrx_word' id='word_1_59' title='bbox 1812 629 1954 664; x_wconf 74' lang='lat' dir='ltr'>axillas</span> 
     </span>
     <span class='ocr_line' id='line_1_9' title="bbox 272 673 1953 729; baseline -0.004 -12"><span class='ocrx_word' id='word_1_60' title='bbox 272 681 507 729; x_wconf 80' lang='lat' dir='ltr'>petioloruni</span> <span class='ocrx_word' id='word_1_61' title='bbox 536 680 775 726; x_wconf 77' lang='lat' dir='ltr'>parasiticus.</span> <span class='ocrx_word' id='word_1_62' title='bbox 806 690 841 714; x_wconf 85' lang='lat' dir='ltr'>v.</span> <span class='ocrx_word' id='word_1_63' title='bbox 877 678 1003 729; x_wconf 38' lang='lat' dir='ltr'>guin</span> <span class='ocrx_word' id='word_1_64' title='bbox 1039 673 1432 728; x_wconf 37' lang='lat' dir='ltr'>Astu-rhodochroo,</span> <span class='ocrx_word' id='word_1_65' title='bbox 1465 674 1669 727; x_wconf 65' lang='grc' dir='ltr'><em>ζεὶοοῖαίίο,</em></span> <span class='ocrx_word' id='word_1_66' title='bbox 1699 675 1953 720; x_wconf 67' lang='lat' dir='ltr'>rhodosemz&#39;o,</span> 
     </span>
     <span class='ocr_line' id='line_1_10' title="bbox 271 722 1952 772; baseline -0.005 -7"><span class='ocrx_word' id='word_1_67' title='bbox 271 727 527 772; x_wconf 71' lang='lat' dir='ltr'>racenzuloso,</span> <span class='ocrx_word' id='word_1_68' title='bbox 548 726 833 772; x_wconf 67' lang='lat' dir='ltr'>myrz&#39;aca‘athQ</span> <span class='ocrx_word' id='word_1_69' title='bbox 861 725 1037 768; x_wconf 81' lang='lat' dir='ltr'>Suszcmo,</span> <span class='ocrx_word' id='word_1_70' title='bbox 1065 725 1134 757; x_wconf 88' lang='lat' dir='ltr'>etc.</span> <span class='ocrx_word' id='word_1_71' title='bbox 1156 732 1196 755; x_wconf 85' lang='lat' dir='ltr'>ln</span> <span class='ocrx_word' id='word_1_72' title='bbox 1220 731 1377 766; x_wconf 78' lang='lat' dir='ltr'>regione</span> <span class='ocrx_word' id='word_1_73' title='bbox 1399 722 1528 767; x_wconf 75' lang='lat' dir='ltr'>alpina.</span> <span class='ocrx_word' id='word_1_74' title='bbox 1547 723 1569 757; x_wconf 88' lang='grc'>6</span> <span class='ocrx_word' id='word_1_75' title='bbox 1585 722 1812 766; x_wconf 66' lang='grc' dir='ltr'>ὶΟ;)’-1()Οῐ)υ’,</span> <span class='ocrx_word' id='word_1_76' title='bbox 1843 733 1952 757; x_wconf 83' lang='lat' dir='ltr'>mous</span> 
     </span>
     <span class='ocr_line' id='line_1_11' title="bbox 272 768 1952 821; baseline -0.004 -10"><span class='ocrx_word' id='word_1_77' title='bbox 272 774 500 821; x_wconf 75' lang='lat' dir='ltr'>Berytdagh</span> <span class='ocrx_word' id='word_1_78' title='bbox 533 773 745 816; x_wconf 54' lang='lat' dir='ltr'>Cataoniae„</span> <span class='ocrx_word' id='word_1_79' title='bbox 771 773 927 808; x_wconf 74' lang='lat' dir='ltr'>Schahu</span> <span class='ocrx_word' id='word_1_80' title='bbox 957 769 1221 805; x_wconf 73' lang='lat' dir='ltr'>Kurdistaniae</span> <span class='ocrx_word' id='word_1_81' title='bbox 1247 769 1425 813; x_wconf 71' lang='lat' dir='ltr'>Persicae,</span> <span class='ocrx_word' id='word_1_82' title='bbox 1448 768 1638 821; x_wconf 27' lang='lat' dir='ltr'>*Eschkeiy</span> <span class='ocrx_word' id='word_1_83' title='bbox 1670 770 1763 814; x_wconf 81' lang='lat' dir='ltr'>Nur,</span> <span class='ocrx_word' id='word_1_84' title='bbox 1791 770 1952 813; x_wconf 75' lang='lat' dir='ltr'>Sawcrs,</span> 
     </span>
     <span class='ocr_line' id='line_1_12' title="bbox 273 815 1724 859; baseline -0.006 -2"><span class='ocrx_word' id='word_1_85' title='bbox 273 821 433 858; x_wconf 80' lang='lat' dir='ltr'>Parrow</span> <span class='ocrx_word' id='word_1_86' title='bbox 452 824 489 856; x_wconf 86' lang='lat' dir='ltr'>et</span> <span class='ocrx_word' id='word_1_87' title='bbox 506 823 658 856; x_wconf 86' lang='lat' dir='ltr'>montes</span> <span class='ocrx_word' id='word_1_88' title='bbox 676 820 893 855; x_wconf 80' lang='lat' dir='ltr'>Bachtiaris</span> <span class='ocrx_word' id='word_1_89' title='bbox 914 818 1054 852; x_wconf 80' lang='lat' dir='ltr'>Persiae</span> <span class='ocrx_word' id='word_1_90' title='bbox 1075 815 1477 850; x_wconf 73' lang='lat' dir='ltr'>austro-occidentalis</span> <span class='ocrx_word' id='word_1_91' title='bbox 1500 816 1724 859; x_wconf 79' lang='lat' dir='ltr'>(Hausskl).</span> 
     </span>
    </p>

    <p class='ocr_par' dir='ltr' id='par_1_4' title="bbox 273 870 1956 1107">
     <span class='ocr_line' id='line_1_13' title="bbox 320 870 1955 922; baseline -0.004 -10"><span class='ocrx_word' id='word_1_92' title='bbox 320 877 456 912; x_wconf 83' lang='lat' dir='ltr'>Flores</span> <span class='ocrx_word' id='word_1_93' title='bbox 475 887 494 911; x_wconf 85' lang='lat' dir='ltr'>e</span> <span class='ocrx_word' id='word_1_94' title='bbox 516 877 659 922; x_wconf 75' lang='lat' dir='ltr'>cupula</span> <span class='ocrx_word' id='word_1_95' title='bbox 680 875 853 920; x_wconf 79' lang='lat' dir='ltr'>margine</span> <span class='ocrx_word' id='word_1_96' title='bbox 872 875 1088 919; x_wconf 62' lang='lat' dir='ltr'>papyraceii</span> <span class='ocrx_word' id='word_1_97' title='bbox 1113 874 1149 906; x_wconf 85' lang='lat' dir='ltr'>et</span> <span class='ocrx_word' id='word_1_98' title='bbox 1177 870 1459 906; x_wconf 67' lang='lat' dir='ltr'>lobato-lacera</span> <span class='ocrx_word' id='word_1_99' title='bbox 1486 874 1730 916; x_wconf 74' lang='lat' dir='ltr'>erumpentes</span> <span class='ocrx_word' id='word_1_100' title='bbox 1755 871 1907 915; x_wconf 72' lang='lat' dir='ltr'>globosi</span> <span class='ocrx_word' id='word_1_101' title='bbox 1932 870 1955 905; x_wconf 75' lang='lat'><strong>2</strong></span> 
     </span>
     <span class='ocr_line' id='line_1_14' title="bbox 273 917 1956 967; baseline -0.005 -8"><span class='ocrx_word' id='word_1_102' title='bbox 273 924 400 960; x_wconf 78' lang='lat' dir='ltr'>lineas</span> <span class='ocrx_word' id='word_1_103' title='bbox 426 924 617 958; x_wconf 84' lang='lat' dir='ltr'>diametro</span> <span class='ocrx_word' id='word_1_104' title='bbox 644 923 723 967; x_wconf 75' lang='lat' dir='ltr'>lati,</span> <span class='ocrx_word' id='word_1_105' title='bbox 749 921 1002 956; x_wconf 69' lang='lat' dir='ltr'>anthemi-um</span> <span class='ocrx_word' id='word_1_106' title='bbox 1027 919 1144 954; x_wconf 82' lang='lat' dir='ltr'>series</span> <span class='ocrx_word' id='word_1_107' title='bbox 1174 918 1352 963; x_wconf 85' lang='lat' dir='ltr'>superior</span> <span class='ocrx_word' id='word_1_108' title='bbox 1382 917 1429 952; x_wconf 81' lang='lat' dir='ltr'>ad</span> <span class='ocrx_word' id='word_1_109' title='bbox 1460 917 1574 952; x_wconf 83' lang='lat' dir='ltr'>basin</span> <span class='ocrx_word' id='word_1_110' title='bbox 1604 917 1765 963; x_wconf 81' lang='lat' dir='ltr'>capituli</span> <span class='ocrx_word' id='word_1_111' title='bbox 1794 917 1956 962; x_wconf 74' lang='lat' dir='ltr'>sessilis,</span> 
     </span>
     <span class='ocr_line' id='line_1_15' title="bbox 274 964 1955 1011; baseline -0.005 -5"><span class='ocrx_word' id='word_1_112' title='bbox 274 971 434 1006; x_wconf 87' lang='lat' dir='ltr'>inferior</span> <span class='ocrx_word' id='word_1_113' title='bbox 453 971 642 1005; x_wconf 82' lang='lat' dir='ltr'>annulum</span> <span class='ocrx_word' id='word_1_114' title='bbox 661 970 821 1004; x_wconf 77' lang='lat' dir='ltr'>brevem</span> <span class='ocrx_word' id='word_1_115' title='bbox 840 976 1012 1002; x_wconf 83' lang='lat' dir='ltr'>crassum</span> <span class='ocrx_word' id='word_1_116' title='bbox 1032 965 1265 1011; x_wconf 76' lang='lat' dir='ltr'>marginans,</span> <span class='ocrx_word' id='word_1_117' title='bbox 1288 964 1405 999; x_wconf 79' lang='lat' dir='ltr'>bacca</span> <span class='ocrx_word' id='word_1_118' title='bbox 1423 964 1596 1009; x_wconf 78' lang='lat' dir='ltr'>globosa,</span> <span class='ocrx_word' id='word_1_119' title='bbox 1614 966 1765 999; x_wconf 73' lang='lat' dir='ltr'>seium-a</span> <span class='ocrx_word' id='word_1_120' title='bbox 1783 964 1955 1009; x_wconf 80' lang='lat' dir='ltr'>elliptica</span> 
     </span>
     <span class='ocr_line' id='line_1_16' title="bbox 275 1011 1956 1064; baseline -0.005 -11"><span class='ocrx_word' id='word_1_121' title='bbox 275 1017 529 1062; x_wconf 72' lang='lat' dir='ltr'>subobllqua,</span> <span class='ocrx_word' id='word_1_122' title='bbox 556 1018 656 1052; x_wconf 78' lang='lat' dir='ltr'>testa</span> <span class='ocrx_word' id='word_1_123' title='bbox 675 1015 872 1051; x_wconf 80' lang='lat' dir='ltr'>cellulosa.</span> <span class='ocrx_word' id='word_1_124' title='bbox 908 1014 1023 1048; x_wconf 87' lang='lat' dir='ltr'>Facie</span> <span class='ocrx_word' id='word_1_125' title='bbox 1041 1012 1169 1047; x_wconf 82' lang='lat' dir='ltr'>affinis</span> <span class='ocrx_word' id='word_1_126' title='bbox 1186 1011 1392 1058; x_wconf 86' lang='lat' dir='ltr'>speciebus</span> <span class='ocrx_word' id='word_1_127' title='bbox 1411 1011 1692 1064; x_wconf 61' lang='lat' dir='ltr'>congeneribus</span> <span class='ocrx_word' id='word_1_128' title='bbox 1712 1022 1758 1046; x_wconf 73' lang='lat' dir='ltr'>ex</span> <span class='ocrx_word' id='word_1_129' title='bbox 1779 1011 1956 1045; x_wconf 71' lang='lat' dir='ltr'>America</span> 
     </span>
     <span class='ocr_line' id='line_1_17' title="bbox 274 1060 1606 1107; baseline -0.007 -7"><span class='ocrx_word' id='word_1_130' title='bbox 274 1064 406 1100; x_wconf 73' lang='lat' dir='ltr'>media</span> <span class='ocrx_word' id='word_1_131' title='bbox 426 1066 463 1099; x_wconf 88' lang='lat' dir='ltr'>et</span> <span class='ocrx_word' id='word_1_132' title='bbox 483 1063 646 1099; x_wconf 76' lang='lat' dir='ltr'>australi</span> <span class='ocrx_word' id='word_1_133' title='bbox 665 1063 713 1097; x_wconf 84' lang='lat' dir='ltr'>ad</span> <span class='ocrx_word' id='word_1_134' title='bbox 731 1060 1033 1107; x_wconf 76' lang='lat' dir='ltr'>Papz&#39;lz&#39;onaceas</span> <span class='ocrx_word' id='word_1_135' title='bbox 1051 1060 1181 1094; x_wconf 77' lang='lat' dir='ltr'>varias</span> <span class='ocrx_word' id='word_1_136' title='bbox 1202 1068 1358 1104; x_wconf 79' lang='lat' dir='ltr'>quoque</span> <span class='ocrx_word' id='word_1_137' title='bbox 1376 1061 1606 1104; x_wconf 76' lang='lat' dir='ltr'>parasmcis.</span> 
     </span>
    </p>
   </div>
   <div class='ocr_carea' id='block_1_3' title="bbox 547 1262 1675 1314">
    <p class='ocr_par' dir='ltr' id='par_1_5' title="bbox 547 1262 1675 1314">
     <span class='ocr_line' id='line_1_18' title="bbox 547 1262 1675 1314; baseline -0.004 0"><span class='ocrx_word' id='word_1_138' title='bbox 547 1266 706 1314; x_wconf 86' lang='lat' dir='ltr'>ORD.</span> <span class='ocrx_word' id='word_1_139' title='bbox 755 1265 890 1312; x_wconf 81' lang='lat' dir='ltr'>clx.</span> <span class='ocrx_word' id='word_1_140' title='bbox 965 1262 1675 1310; x_wconf 77' lang='lat' dir='ltr'>BALANOPHORACEAE.</span> 
     </span>
    </p>
   </div>
   <div class='ocr_carea' id='block_1_4' title="bbox 672 1393 1563 1451">
    <p class='ocr_par' dir='ltr' id='par_1_6' title="bbox 672 1393 1563 1451">
     <span class='ocr_line' id='line_1_19' title="bbox 672 1393 1563 1451; baseline -0.006 -10"><span class='ocrx_word' id='word_1_141' title='bbox 672 1398 806 1450; x_wconf 87' lang='lat' dir='ltr'>(Rich.</span> <span class='ocrx_word' id='word_1_142' title='bbox 836 1398 945 1440; x_wconf 87' lang='lat' dir='ltr'>Ann.</span> <span class='ocrx_word' id='word_1_143' title='bbox 974 1397 1081 1438; x_wconf 85' lang='lat' dir='ltr'>Mus.</span> <span class='ocrx_word' id='word_1_144' title='bbox 1103 1396 1202 1438; x_wconf 87' lang='lat' dir='ltr'>Par.</span> <span class='ocrx_word' id='word_1_145' title='bbox 1230 1393 1358 1447; x_wconf 67' lang='lat'><strong>1822,</strong></span> <span class='ocrx_word' id='word_1_146' title='bbox 1382 1409 1418 1449; x_wconf 85' lang='lat' dir='ltr'>p.</span> <span class='ocrx_word' id='word_1_147' title='bbox 1445 1394 1563 1451; x_wconf 85' lang='lat'>404.)</span> 
     </span>
    </p>
   </div>
   <div class='ocr_carea' id='block_1_5' title="bbox 277 1527 1959 1876">
    <p class='ocr_par' dir='ltr' id='par_1_7' title="bbox 277 1527 1959 1876">
     <span class='ocr_line' id='line_1_20' title="bbox 336 1527 1959 1586; baseline -0.004 -12"><span class='ocrx_word' id='word_1_148' title='bbox 336 1533 486 1574; x_wconf 85' lang='lat' dir='ltr'>Flores</span> <span class='ocrx_word' id='word_1_149' title='bbox 508 1531 721 1586; x_wconf 81' lang='lat' dir='ltr'>polygami</span> <span class='ocrx_word' id='word_1_150' title='bbox 749 1531 816 1572; x_wconf 82' lang='lat' dir='ltr'>vel</span> <span class='ocrx_word' id='word_1_151' title='bbox 844 1529 966 1570; x_wconf 90' lang='lat' dir='ltr'>dioici</span> <span class='ocrx_word' id='word_1_152' title='bbox 993 1528 1034 1569; x_wconf 89' lang='lat' dir='ltr'>in</span> <span class='ocrx_word' id='word_1_153' title='bbox 1063 1529 1239 1570; x_wconf 87' lang='lat' dir='ltr'>formam</span> <span class='ocrx_word' id='word_1_154' title='bbox 1269 1527 1453 1581; x_wconf 86' lang='lat' dir='ltr'>spadicis</span> <span class='ocrx_word' id='word_1_155' title='bbox 1480 1527 1797 1569; x_wconf 83' lang='lat' dir='ltr'>confertissimi.</span> <span class='ocrx_word' id='word_1_156' title='bbox 1839 1527 1959 1568; x_wconf 81' lang='lat' dir='ltr'>Peri-</span> 
     </span>
     <span class='ocr_line' id='line_1_21' title="bbox 279 1585 1955 1643; baseline -0.004 -10"><span class='ocrx_word' id='word_1_157' title='bbox 279 1591 452 1643; x_wconf 86' lang='lat' dir='ltr'>gonium</span> <span class='ocrx_word' id='word_1_158' title='bbox 480 1590 774 1643; x_wconf 78' lang='lat' dir='ltr'>imperfectum</span> <span class='ocrx_word' id='word_1_159' title='bbox 803 1589 868 1629; x_wconf 86' lang='lat' dir='ltr'>vel</span> <span class='ocrx_word' id='word_1_160' title='bbox 893 1586 1214 1639; x_wconf 74' lang='lat' dir='ltr'>oligopllyllum.</span> <span class='ocrx_word' id='word_1_161' title='bbox 1256 1586 1427 1629; x_wconf 87' lang='lat' dir='ltr'>Stamen</span> <span class='ocrx_word' id='word_1_162' title='bbox 1466 1586 1529 1628; x_wconf 84' lang='lat' dir='ltr'>(in</span> <span class='ocrx_word' id='word_1_163' title='bbox 1566 1585 1734 1640; x_wconf 79' lang='lat' dir='ltr'>nostro)</span> <span class='ocrx_word' id='word_1_164' title='bbox 1772 1586 1955 1628; x_wconf 88' lang='lat' dir='ltr'>unicum.</span> 
     </span>
     <span class='ocr_line' id='line_1_22' title="bbox 279 1644 1956 1698; baseline -0.004 -6"><span class='ocrx_word' id='word_1_165' title='bbox 279 1649 486 1692; x_wconf 86' lang='lat' dir='ltr'>Ovarium</span> <span class='ocrx_word' id='word_1_166' title='bbox 505 1649 691 1691; x_wconf 85' lang='lat' dir='ltr'>inferum</span> <span class='ocrx_word' id='word_1_167' title='bbox 710 1649 777 1689; x_wconf 89' lang='lat' dir='ltr'>vel</span> <span class='ocrx_word' id='word_1_168' title='bbox 797 1646 1093 1689; x_wconf 87' lang='lat' dir='ltr'>semiinferum</span> <span class='ocrx_word' id='word_1_169' title='bbox 1114 1644 1364 1698; x_wconf 85' lang='lat' dir='ltr'>(innostro)</span> <span class='ocrx_word' id='word_1_170' title='bbox 1388 1645 1663 1695; x_wconf 83' lang='lat' dir='ltr'>unilocularc‚</span> <span class='ocrx_word' id='word_1_171' title='bbox 1684 1645 1811 1687; x_wconf 84' lang='lat' dir='ltr'>ovulo</span> <span class='ocrx_word' id='word_1_172' title='bbox 1831 1644 1956 1686; x_wconf 86' lang='lat' dir='ltr'>unico</span> 
     </span>
     <span class='ocr_line' id='line_1_23' title="bbox 277 1703 1957 1763; baseline -0.004 -13"><span class='ocrx_word' id='word_1_173' title='bbox 277 1707 480 1763; x_wconf 86' lang='lat' dir='ltr'>pendulo.</span> <span class='ocrx_word' id='word_1_174' title='bbox 539 1707 724 1749; x_wconf 88' lang='lat' dir='ltr'>Fructus</span> <span class='ocrx_word' id='word_1_175' title='bbox 771 1705 1043 1746; x_wconf 85' lang='lat' dir='ltr'>indehisceus</span> <span class='ocrx_word' id='word_1_176' title='bbox 1090 1707 1446 1746; x_wconf 85' lang='lat' dir='ltr'>nucamenlaceus</span> <span class='ocrx_word' id='word_1_177' title='bbox 1499 1704 1565 1745; x_wconf 89' lang='lat' dir='ltr'>vel</span> <span class='ocrx_word' id='word_1_178' title='bbox 1614 1703 1957 1756; x_wconf 83' lang='lat' dir='ltr'>subdrupaceus‚</span> 
     </span>
     <span class='ocr_line' id='line_1_24' title="bbox 279 1762 1958 1816; baseline -0.004 -7"><span class='ocrx_word' id='word_1_179' title='bbox 279 1778 424 1809; x_wconf 82' lang='lat' dir='ltr'>semen</span> <span class='ocrx_word' id='word_1_180' title='bbox 462 1764 700 1807; x_wconf 89' lang='lat' dir='ltr'>solitarium</span> <span class='ocrx_word' id='word_1_181' title='bbox 724 1765 890 1806; x_wconf 62' lang='lat' dir='ltr'>fructos</span> <span class='ocrx_word' id='word_1_182' title='bbox 918 1763 1139 1804; x_wconf 79' lang='lat' dir='ltr'>cavitatem</span> <span class='ocrx_word' id='word_1_183' title='bbox 1177 1762 1373 1816; x_wconf 86' lang='lat' dir='ltr'>implens,</span> <span class='ocrx_word' id='word_1_184' title='bbox 1412 1763 1588 1816; x_wconf 81' lang='lat' dir='ltr'>cmbryo</span> <span class='ocrx_word' id='word_1_185' title='bbox 1621 1762 1815 1804; x_wconf 87' lang='lat' dir='ltr'>minutus</span> <span class='ocrx_word' id='word_1_186' title='bbox 1855 1762 1958 1803; x_wconf 88' lang='lat' dir='ltr'>late-</span> 
     </span>
     <span class='ocr_line' id='line_1_25' title="bbox 278 1821 1398 1876; baseline -0.005 -9"><span class='ocrx_word' id='word_1_187' title='bbox 278 1825 399 1876; x_wconf 89' lang='lat' dir='ltr'>ralis,</span> <span class='ocrx_word' id='word_1_188' title='bbox 428 1824 627 1866; x_wconf 80' lang='lat' dir='ltr'>albumen</span> <span class='ocrx_word' id='word_1_189' title='bbox 655 1823 860 1866; x_wconf 88' lang='lat' dir='ltr'>oleosum.</span> <span class='ocrx_word' id='word_1_190' title='bbox 889 1847 933 1851; x_wconf 89' lang='lat'>-</span> <span class='ocrx_word' id='word_1_191' title='bbox 968 1821 1122 1863; x_wconf 86' lang='lat' dir='ltr'>Herbae</span> <span class='ocrx_word' id='word_1_192' title='bbox 1147 1821 1398 1875; x_wconf 86' lang='lat' dir='ltr'>parasiticae,</span> 
     </span>
    </p>
   </div>
   <div class='ocr_carea' id='block_1_6' title="bbox 589 1976 1638 2039">
    <p class='ocr_par' dir='ltr' id='par_1_8' title="bbox 589 1976 1638 2039">
     <span class='ocr_line' id='line_1_26' title="bbox 589 1976 1638 2039; baseline -0.005 -12"><span class='ocrx_word' id='word_1_193' title='bbox 589 1977 916 2027; x_wconf 66' lang='lat' dir='ltr'>cruouomuu</span> <span class='ocrx_word' id='word_1_194' title='bbox 944 1977 1116 2039; x_wconf 71' lang='lat' dir='ltr'>(illeheli</span> <span class='ocrx_word' id='word_1_195' title='bbox 1143 1977 1237 2025; x_wconf 77' lang='lat' dir='ltr'>Gen.</span> <span class='ocrx_word' id='word_1_196' title='bbox 1267 1991 1306 2038; x_wconf 80' lang='lat' dir='ltr'>p.</span> <span class='ocrx_word' id='word_1_197' title='bbox 1338 1977 1407 2034; x_wconf 79' lang='lat'>17,</span> <span class='ocrx_word' id='word_1_198' title='bbox 1441 1976 1522 2024; x_wconf 80' lang='lat' dir='ltr'>tab.</span> <span class='ocrx_word' id='word_1_199' title='bbox 1550 1976 1638 2038; x_wconf 77' lang='lat'>12).</span> 
     </span>
    </p>
   </div>
   <div class='ocr_carea' id='block_1_7' title="bbox 274 2110 1958 2866">
    <p class='ocr_par' dir='ltr' id='par_1_9' title="bbox 274 2110 1958 2866">
     <span class='ocr_line' id='line_1_27' title="bbox 336 2110 1954 2165; baseline -0.001 -12"><span class='ocrx_word' id='word_1_200' title='bbox 336 2111 483 2153; x_wconf 86' lang='lat' dir='ltr'>Flores</span> <span class='ocrx_word' id='word_1_201' title='bbox 510 2111 721 2165; x_wconf 81' lang='lat' dir='ltr'>polygami</span> <span class='ocrx_word' id='word_1_202' title='bbox 755 2111 798 2152; x_wconf 89' lang='lat' dir='ltr'>in</span> <span class='ocrx_word' id='word_1_203' title='bbox 830 2110 979 2152; x_wconf 81' lang='lat' dir='ltr'>eadem</span> <span class='ocrx_word' id='word_1_204' title='bbox 1015 2110 1130 2164; x_wconf 78' lang='lat' dir='ltr'>spica</span> <span class='ocrx_word' id='word_1_205' title='bbox 1165 2111 1363 2164; x_wconf 85' lang='lat' dir='ltr'>permixti</span> <span class='ocrx_word' id='word_1_206' title='bbox 1392 2111 1483 2153; x_wconf 88' lang='lat' dir='ltr'>basi</span> <span class='ocrx_word' id='word_1_207' title='bbox 1523 2110 1786 2153; x_wconf 88' lang='lat' dir='ltr'>bracteolati.</span> <span class='ocrx_word' id='word_1_208' title='bbox 1824 2110 1954 2152; x_wconf 78' lang='lat' dir='ltr'>Maso.</span> 
     </span>
     <span class='ocr_line' id='line_1_28' title="bbox 276 2168 1958 2223; baseline 0.001 -12"><span class='ocrx_word' id='word_1_209' title='bbox 276 2168 552 2222; x_wconf 83' lang='lat' dir='ltr'>Perigouium</span> <span class='ocrx_word' id='word_1_210' title='bbox 586 2169 741 2223; x_wconf 76' lang='lat' dir='ltr'>phyllis</span> <span class='ocrx_word' id='word_1_211' title='bbox 781 2171 849 2210; x_wconf 83' lang='lat'>1-5</span> <span class='ocrx_word' id='word_1_212' title='bbox 892 2169 1323 2223; x_wconf 77' lang='lat' dir='ltr'>lineari-spatliulatis</span> <span class='ocrx_word' id='word_1_213' title='bbox 1351 2172 1565 2212; x_wconf 84' lang='lat' dir='ltr'>constans.</span> <span class='ocrx_word' id='word_1_214' title='bbox 1605 2169 1776 2212; x_wconf 83' lang='lat' dir='ltr'>Stameu</span> <span class='ocrx_word' id='word_1_215' title='bbox 1813 2170 1958 2212; x_wconf 77' lang='lat' dir='ltr'>solita-</span> 
     </span>
     <span class='ocr_line' id='line_1_29' title="bbox 278 2227 1957 2281; baseline 0 -11"><span class='ocrx_word' id='word_1_216' title='bbox 278 2228 389 2270; x_wconf 91' lang='lat' dir='ltr'>rium</span> <span class='ocrx_word' id='word_1_217' title='bbox 415 2230 622 2281; x_wconf 84' lang='lat' dir='ltr'>posticum</span> <span class='ocrx_word' id='word_1_218' title='bbox 648 2227 862 2270; x_wconf 86' lang='lat' dir='ltr'>filamento</span> <span class='ocrx_word' id='word_1_219' title='bbox 881 2228 1130 2279; x_wconf 60' lang='lat' dir='ltr'>mindi-ico,</span> <span class='ocrx_word' id='word_1_220' title='bbox 1154 2229 1333 2270; x_wconf 78' lang='lat' dir='ltr'>anthera</span> <span class='ocrx_word' id='word_1_221' title='bbox 1356 2228 1593 2279; x_wconf 86' lang='lat' dir='ltr'>biloculari‚</span> <span class='ocrx_word' id='word_1_222' title='bbox 1617 2228 1765 2270; x_wconf 77' lang='lat' dir='ltr'>loculis</span> <span class='ocrx_word' id='word_1_223' title='bbox 1787 2228 1957 2271; x_wconf 87' lang='lat' dir='ltr'>biloccl-</span> 
     </span>
     <span class='ocr_line' id='line_1_30' title="bbox 277 2285 1957 2340; baseline 0.001 -13"><span class='ocrx_word' id='word_1_224' title='bbox 277 2285 388 2335; x_wconf 84' lang='lat' dir='ltr'>latis,</span> <span class='ocrx_word' id='word_1_225' title='bbox 426 2287 561 2329; x_wconf 91' lang='lat' dir='ltr'>ovarii</span> <span class='ocrx_word' id='word_1_226' title='bbox 595 2286 890 2329; x_wconf 88' lang='lat' dir='ltr'>rudimentum</span> <span class='ocrx_word' id='word_1_227' title='bbox 917 2286 1330 2340; x_wconf 81' lang='lat' dir='ltr'>oblongo-clavatum</span> <span class='ocrx_word' id='word_1_228' title='bbox 1357 2287 1683 2329; x_wconf 83' lang='lat' dir='ltr'>canaliculatum</span> <span class='ocrx_word' id='word_1_229' title='bbox 1720 2287 1762 2328; x_wconf 89' lang='lat' dir='ltr'>in</span> <span class='ocrx_word' id='word_1_230' title='bbox 1801 2287 1957 2329; x_wconf 80' lang='lat' dir='ltr'>canali-</span> 
     </span>
     <span class='ocr_line' id='line_1_31' title="bbox 279 2345 1956 2399; baseline 0 -12"><span class='ocrx_word' id='word_1_231' title='bbox 279 2345 373 2387; x_wconf 86' lang='lat' dir='ltr'>culo</span> <span class='ocrx_word' id='word_1_232' title='bbox 414 2345 677 2387; x_wconf 88' lang='lat' dir='ltr'>filamentum</span> <span class='ocrx_word' id='word_1_233' title='bbox 707 2346 909 2387; x_wconf 77' lang='lat' dir='ltr'>antherae</span> <span class='ocrx_word' id='word_1_234' title='bbox 947 2345 1180 2398; x_wconf 84' lang='lat' dir='ltr'>excipiens.</span> <span class='ocrx_word' id='word_1_235' title='bbox 1224 2345 1338 2388; x_wconf 82' lang='lat' dir='ltr'>Fem.</span> <span class='ocrx_word' id='word_1_236' title='bbox 1377 2346 1651 2398; x_wconf 84' lang='lat' dir='ltr'>Porigonium</span> <span class='ocrx_word' id='word_1_237' title='bbox 1686 2345 1842 2399; x_wconf 81' lang='lat' dir='ltr'>phyllis</span> <span class='ocrx_word' id='word_1_238' title='bbox 1890 2346 1956 2387; x_wconf 83' lang='grc'><strong>1-5</strong></span> 
     </span>
     <span class='ocr_line' id='line_1_32' title="bbox 278 2403 1951 2457; baseline 0.001 -13"><span class='ocrx_word' id='word_1_239' title='bbox 278 2403 562 2456; x_wconf 84' lang='lat' dir='ltr'>semisuperis</span> <span class='ocrx_word' id='word_1_240' title='bbox 615 2404 681 2445; x_wconf 89' lang='lat' dir='ltr'>vel</span> <span class='ocrx_word' id='word_1_241' title='bbox 742 2404 913 2445; x_wconf 87' lang='lat' dir='ltr'>omnino</span> <span class='ocrx_word' id='word_1_242' title='bbox 969 2404 1141 2457; x_wconf 86' lang='lat' dir='ltr'>superis</span> <span class='ocrx_word' id='word_1_243' title='bbox 1185 2404 1536 2447; x_wconf 66' lang='lat' dir='ltr'>lineari-claraus</span> <span class='ocrx_word' id='word_1_244' title='bbox 1579 2405 1724 2446; x_wconf 85' lang='lat' dir='ltr'>ovario</span> <span class='ocrx_word' id='word_1_245' title='bbox 1770 2404 1951 2446; x_wconf 80' lang='lat' dir='ltr'>adnatis.</span> 
     </span>
     <span class='ocr_line' id='line_1_33' title="bbox 277 2461 1954 2516; baseline 0.001 -12"><span class='ocrx_word' id='word_1_246' title='bbox 277 2461 482 2504; x_wconf 86' lang='lat' dir='ltr'>Ovarium</span> <span class='ocrx_word' id='word_1_247' title='bbox 505 2462 656 2505; x_wconf 84' lang='lat' dir='ltr'>sessile</span> <span class='ocrx_word' id='word_1_248' title='bbox 676 2462 741 2504; x_wconf 84' lang='lat' dir='ltr'>vel</span> <span class='ocrx_word' id='word_1_249' title='bbox 761 2462 1084 2515; x_wconf 84' lang='lat' dir='ltr'>substipitatum</span> <span class='ocrx_word' id='word_1_250' title='bbox 1105 2463 1216 2516; x_wconf 80' lang='lat' dir='ltr'>stylo</span> <span class='ocrx_word' id='word_1_251' title='bbox 1235 2463 1511 2505; x_wconf 79' lang='lat' dir='ltr'>canaliculato</span> <span class='ocrx_word' id='word_1_252' title='bbox 1530 2466 1572 2504; x_wconf 91' lang='lat' dir='ltr'>et</span> <span class='ocrx_word' id='word_1_253' title='bbox 1588 2463 1783 2515; x_wconf 76' lang='lat' dir='ltr'>stigmate</span> <span class='ocrx_word' id='word_1_254' title='bbox 1803 2462 1954 2505; x_wconf 81' lang='lat' dir='ltr'>obtuso</span> 
     </span>
     <span class='ocr_line' id='line_1_34' title="bbox 276 2520 1955 2570; baseline 0 -8"><span class='ocrx_word' id='word_1_255' title='bbox 276 2520 553 2562; x_wconf 80' lang='lat' dir='ltr'>terminatum</span> <span class='ocrx_word' id='word_1_256' title='bbox 579 2521 840 2563; x_wconf 85' lang='lat' dir='ltr'>uniloculare</span> <span class='ocrx_word' id='word_1_257' title='bbox 867 2520 1184 2570; x_wconf 86' lang='lat' dir='ltr'>uniovulatum‚</span> <span class='ocrx_word' id='word_1_258' title='bbox 1218 2522 1392 2563; x_wconf 88' lang='lat' dir='ltr'>ovulum</span> <span class='ocrx_word' id='word_1_259' title='bbox 1429 2522 1599 2564; x_wconf 86' lang='lat' dir='ltr'>unicum</span> <span class='ocrx_word' id='word_1_260' title='bbox 1623 2521 1811 2564; x_wconf 78' lang='lat' dir='ltr'>funiculu</span> <span class='ocrx_word' id='word_1_261' title='bbox 1833 2521 1955 2564; x_wconf 85' lang='lat' dir='ltr'>brevi</span> 
     </span>
     <span class='ocr_line' id='line_1_35' title="bbox 276 2579 1955 2633; baseline 0.001 -13"><span class='ocrx_word' id='word_1_262' title='bbox 276 2589 327 2620; x_wconf 87' lang='lat' dir='ltr'>ex</span> <span class='ocrx_word' id='word_1_263' title='bbox 346 2579 465 2633; x_wconf 88' lang='lat' dir='ltr'>apice</span> <span class='ocrx_word' id='word_1_264' title='bbox 489 2579 613 2621; x_wconf 85' lang='lat' dir='ltr'>loculi</span> <span class='ocrx_word' id='word_1_265' title='bbox 641 2579 875 2632; x_wconf 87' lang='lat' dir='ltr'>pendulum</span> <span class='ocrx_word' id='word_1_266' title='bbox 897 2579 1199 2632; x_wconf 86' lang='lat' dir='ltr'>hemitropum.</span> <span class='ocrx_word' id='word_1_267' title='bbox 1224 2580 1368 2622; x_wconf 79' lang='lat' dir='ltr'>Herm.</span> <span class='ocrx_word' id='word_1_268' title='bbox 1388 2581 1490 2622; x_wconf 88' lang='lat' dir='ltr'>Rari</span> <span class='ocrx_word' id='word_1_269' title='bbox 1509 2581 1608 2633; x_wconf 89' lang='lat' dir='ltr'>plus</span> <span class='ocrx_word' id='word_1_270' title='bbox 1633 2581 1774 2622; x_wconf 88' lang='lat' dir='ltr'>minus</span> <span class='ocrx_word' id='word_1_271' title='bbox 1799 2580 1955 2632; x_wconf 83' lang='lat' dir='ltr'>imper-</span> 
     </span>
     <span class='ocr_line' id='line_1_36' title="bbox 274 2637 1951 2687; baseline 0.001 -8"><span class='ocrx_word' id='word_1_272' title='bbox 274 2637 372 2679; x_wconf 82' lang='lat' dir='ltr'>fecti</span> <span class='ocrx_word' id='word_1_273' title='bbox 397 2637 472 2679; x_wconf 80' lang='lat' dir='ltr'>sed</span> <span class='ocrx_word' id='word_1_274' title='bbox 500 2637 674 2680; x_wconf 81' lang='lat' dir='ltr'>fertiles.</span> <span class='ocrx_word' id='word_1_275' title='bbox 716 2637 900 2679; x_wconf 85' lang='lat' dir='ltr'>Fructus</span> <span class='ocrx_word' id='word_1_276' title='bbox 927 2638 1072 2680; x_wconf 85' lang='lat' dir='ltr'>ovario</span> <span class='ocrx_word' id='word_1_277' title='bbox 1100 2639 1251 2681; x_wconf 89' lang='lat' dir='ltr'>similis</span> <span class='ocrx_word' id='word_1_278' title='bbox 1287 2639 1362 2680; x_wconf 88' lang='lat' dir='ltr'>sed</span> <span class='ocrx_word' id='word_1_279' title='bbox 1397 2642 1548 2681; x_wconf 85' lang='lat' dir='ltr'>auctus</span> <span class='ocrx_word' id='word_1_280' title='bbox 1575 2641 1951 2687; x_wconf 73' lang='lat' dir='ltr'>nucmncntaoeus,</span> 
     </span>
     <span class='ocr_line' id='line_1_37' title="bbox 274 2695 1954 2750; baseline 0 -12"><span class='ocrx_word' id='word_1_281' title='bbox 274 2695 515 2748; x_wconf 86' lang='lat' dir='ltr'>pericarpio</span> <span class='ocrx_word' id='word_1_282' title='bbox 556 2696 674 2739; x_wconf 87' lang='lat' dir='ltr'>tenui</span> <span class='ocrx_word' id='word_1_283' title='bbox 716 2695 988 2738; x_wconf 82' lang='lat' dir='ltr'>subcoriaceo</span> <span class='ocrx_word' id='word_1_284' title='bbox 1032 2700 1152 2738; x_wconf 80' lang='lat' dir='ltr'>teslae</span> <span class='ocrx_word' id='word_1_285' title='bbox 1200 2700 1392 2740; x_wconf 85' lang='lat' dir='ltr'>connato.</span> <span class='ocrx_word' id='word_1_286' title='bbox 1439 2697 1594 2739; x_wconf 87' lang='lat' dir='ltr'>Semen</span> <span class='ocrx_word' id='word_1_287' title='bbox 1632 2697 1954 2750; x_wconf 83' lang='lat' dir='ltr'>subglobosum‚</span> 
     </span>
     <span class='ocr_line' id='line_1_38' title="bbox 275 2754 1954 2809; baseline 0.001 -14"><span class='ocrx_word' id='word_1_288' title='bbox 275 2754 454 2808; x_wconf 88' lang='lat' dir='ltr'>embryo</span> <span class='ocrx_word' id='word_1_289' title='bbox 490 2755 602 2796; x_wconf 82' lang='lat' dir='ltr'>intra</span> <span class='ocrx_word' id='word_1_290' title='bbox 635 2754 835 2796; x_wconf 85' lang='lat' dir='ltr'>albumen</span> <span class='ocrx_word' id='word_1_291' title='bbox 872 2754 1061 2796; x_wconf 87' lang='lat' dir='ltr'>lateralis</span> <span class='ocrx_word' id='word_1_292' title='bbox 1091 2755 1317 2799; x_wconf 86' lang='lat' dir='ltr'>indivisus.</span> <span class='ocrx_word' id='word_1_293' title='bbox 1364 2779 1412 2787; x_wconf 80' lang='lat'>—-</span> <span class='ocrx_word' id='word_1_294' title='bbox 1454 2756 1602 2798; x_wconf 84' lang='lat' dir='ltr'>Planta</span> <span class='ocrx_word' id='word_1_295' title='bbox 1635 2768 1811 2798; x_wconf 84' lang='lat' dir='ltr'>carnosa</span> <span class='ocrx_word' id='word_1_296' title='bbox 1838 2755 1954 2809; x_wconf 81' lang='lat' dir='ltr'>phal-</span> 
     </span>
     <span class='ocr_line' id='line_1_39' title="bbox 274 2810 985 2866; baseline 0 -12"><span class='ocrx_word' id='word_1_297' title='bbox 274 2810 411 2854; x_wconf 88' lang='lat' dir='ltr'>loidea</span> <span class='ocrx_word' id='word_1_298' title='bbox 435 2812 478 2854; x_wconf 91' lang='lat' dir='ltr'>in</span> <span class='ocrx_word' id='word_1_299' title='bbox 500 2812 718 2856; x_wconf 89' lang='lat' dir='ltr'>radicibus</span> <span class='ocrx_word' id='word_1_300' title='bbox 744 2812 985 2866; x_wconf 83' lang='lat' dir='ltr'>parasitica.</span> 
     </span>
    </p>
   </div>
   <div class='ocr_carea' id='block_1_8' title="bbox 333 2922 1953 2981">
    <p class='ocr_par' dir='ltr' id='par_1_10' title="bbox 333 2922 1953 2981">
     <span class='ocr_line' id='line_1_40' title="bbox 333 2922 1953 2981; baseline 0.001 -15"><span class='ocrx_word' id='word_1_301' title='bbox 333 2922 372 2966; x_wconf 88' lang='grc'><strong>1.</strong></span> <span class='ocrx_word' id='word_1_302' title='bbox 406 2925 457 2968; x_wconf 88' lang='lat' dir='ltr'>C.</span> <span class='ocrx_word' id='word_1_303' title='bbox 496 2926 829 2970; x_wconf 84' lang='lat' dir='ltr'>coccineum</span> <span class='ocrx_word' id='word_1_304' title='bbox 870 2925 937 2980; x_wconf 84' lang='lat' dir='ltr'>(L.</span> <span class='ocrx_word' id='word_1_305' title='bbox 976 2925 1046 2980; x_wconf 90' lang='lat' dir='ltr'>Sp.</span> <span class='ocrx_word' id='word_1_306' title='bbox 1079 2924 1230 2981; x_wconf 76' lang='lat'>1875),</span> <span class='ocrx_word' id='word_1_307' title='bbox 1272 2927 1411 2980; x_wconf 81' lang='lat' dir='ltr'>scapiS</span> <span class='ocrx_word' id='word_1_308' title='bbox 1451 2939 1472 2969; x_wconf 91' lang='lat' dir='ltr'>e</span> <span class='ocrx_word' id='word_1_309' title='bbox 1508 2928 1739 2970; x_wconf 87' lang='lat' dir='ltr'>rhizomate</span> <span class='ocrx_word' id='word_1_310' title='bbox 1780 2935 1953 2969; x_wconf 83' lang='lat' dir='ltr'>ramoso</span> 
     </span>
    </p>
   </div>
  </div>
 </body>
</html>
