2100 3262
276 228 347 265 856
947 236 1259 264 PLUMBAGINEAEt
1720 226 1979 266 Goniolimon.

339 331 377 372 5.
411 328 470 372 G.
505 327 760 373 Sartorii
786 329 944 384 (Boiss.
971 330 1123 383 Diagn.
1149 330 1241 374 Ser.
1268 330 1320 383 II,
1353 333 1392 380 4,
1431 345 1470 387 p.
1495 331 1571 387 67)
1595 331 1811 384 glaucum,
1839 330 1979 373 rliizo-

280 393 391 432 mate
418 389 586 443 lignoso
618 389 849 442 cespitoso,
885 390 998 432 foliis
1029 391 1226 444 parvulis
1259 391 1628 434 ovato-rhombeis
1660 389 1916 433 acuminatis
1937 389 1981 432 in

281 448 488 502 petiolum
512 447 707 491 breviter
731 450 983 501 attenuatis,
1007 450 1147 502 scapis
1177 450 1446 494 brevissimis
1474 449 1745 506 simplicibus
1768 448 1982 503 angulatis

280 509 321 550 iu
359 508 598 562 particulam
629 519 807 561 parvam
843 508 1021 551 brevem
1047 509 1275 564 oblongam
1311 509 1545 552 secundam
1579 508 1860 560 abeuntibus,
1897 507 1984 562 spi-

281 567 389 609 culis
425 567 574 622 paucis
614 567 813 611 unifloris
850 568 1131 618 fasciculatis‚
1178 569 1363 611 bracteis
1405 568 1611 613 corlaceis
1639 568 1728 611 basi
1755 568 1838 611 late
1868 566 1985 610 albo-

280 626 537 680 margiuatis
574 626 771 669 recurvis
796 627 1000 670 inferiore
1028 628 1241 671 deltoidea
1274 628 1483 672 interiore
1523 628 1574 669 acl
1610 627 1781 670 tertiam
1815 631 1983 682 partem

279 686 322 728 in
351 685 555 739 cuspides
580 689 728 728 ternas
753 686 909 728 breves
935 698 1143 730 recurvas
1172 688 1291 740 fissa,
1329 687 1485 742 calycis
1517 687 1619 730 tubo
1646 686 1840 730 obsolete
1861 685 1983 740 glan·

284 744 451 795 duloso,
475 745 593 787 limbi
616 745 725 788 lobis
747 745 944 788 breviter
969 746 1312 800 triangularibus
1340 753 1376 796 5.

330 817 432 853 Hah.
457 817 500 853 in
529 817 729 854 littoribus
770 818 909 854 Atticae
946 829 1068 865 prope
1106 818 1327 864 Ergastiria
1360 820 1401 855 in
1434 819 1602 856 circuitu
1633 819 1810 856 Laurion
1844 819 1984 855 Atticae

285 865 475 911 (Heldrl)‚
492 865 626 901 insula
645 866 814 911 Mycono
832 866 882 900 ad
902 865 1035 901 sinum
1052 866 1206 902 Phtelia
1220 867 1376 912 (Sartl).

331 929 536 965 Foliorum
558 929 708 965 lamina
732 928 795 964 3-4
821 928 946 965 lineas
972 930 1105 976 longa,
1134 940 1278 977 scapus
1302 930 1558 977 bipollicaris,
1585 928 1773 976 panicula,
1801 928 1988 976 pollicem

284 976 407 1022 longa
424 977 546 1024 spicis
563 977 630 1013 5-7
646 979 800 1011 tantum
821 981 1017 1012 constans.
1044 977 1120 1013 Hic
1140 978 1255 1024 notis,
1280 978 1444 1013 floribus
1463 977 1687 1014 minoribus
1713 978 1751 1013 et
1774 976 1988 1023 praesertim

285 1025 503 1060 rhizomate
522 1024 678 1071 lignoso
696 1023 917 1071 pluricipiti
936 1035 959 1060 a
977 1024 1277 1071 precedentibus
1294 1025 1536 1062 distinctum.

368 1185 580 1234 STATICE
611 1185 676 1246 (L.
706 1185 804 1235 Gen.
832 1186 919 1236 388
945 1200 992 1236 ex
1021 1190 1151 1249 parte.
1180 1213 1242 1222 -—-
1273 1184 1448 1234 Willd.
1476 1185 1662 1235 Enum.
1695 1201 1740 1249 p.
1767 1185 1902 1246 335).

349 1326 483 1382 Calyx
509 1328 741 1372 obconicus
763 1328 996 1373 tubulosus
1033 1331 1101 1373 vel
1134 1330 1375 1385 saepissime
1408 1327 1827 1372 infundibuliformis
1861 1328 1990 1372 limbo

290 1388 481 1431 scarioso
517 1387 855 1443 quinquenervi‚
895 1388 1089 1443 quinque
1129 1390 1197 1432 vel
1236 1390 1380 1432 rarius
1418 1388 1666 1432 decemlobo
1706 1388 1773 1431 vel
1815 1388 1988 1442 partito.

291 1445 458 1489 Corolla
485 1448 552 1490 vel
581 1447 824 1501 polypetala
862 1448 928 1490 vel
966 1449 1203 1491 annulatim
1238 1453 1280 1491 et
1306 1448 1399 1491 basi
1430 1451 1600 1491 tantum
1627 1451 1701 1490 aut
1726 1447 1780 1489 ad
1808 1447 1989 1490 limbum

289 1518 434 1560 usque
466 1507 748 1561 gamopetala.
791 1506 983 1550 Stamina
1022 1508 1113 1551 basi
1153 1508 1295 1550 rarius
1327 1507 1380 1549 ad
1415 1506 1606 1549 medium
1641 1506 1793 1560 petalis
1816 1506 1988 1548 adnata.

290 1564 399 1620 Styli
421 1563 560 1618 glabri
586 1566 652 1607 vel
681 1566 804 1608 liberi
829 1568 895 1609 vel
926 1567 1018 1610 basi
1042 1566 1300 1610 brevissime
1327 1566 1511 1609 connati.
1549 1565 1759 1619 Stigmata
1782 1564 1994 1608 filiformi-

292 1624 529 1678 cylindrica
550 1626 639 1666 tota
662 1625 896 1679 superficie
916 1625 1184 1679 glandulosa.
1208 1625 1434 1669 Utriculus
1455 1627 1576 1679 parte
1596 1624 1814 1679 superiori
1840 1624 1993 1667 dur10r

293 1683 498 1727 inferiore
522 1683 879 1728 membranaceus
914 1686 983 1727 vel
1016 1685 1136 1740 apice
1171 1684 1453 1739 opereulatim
1479 1684 1548 1728 vel
1579 1695 1713 1738 prope
1737 1684 1861 1726 basin
1887 1683 1996 1726 irre·

293 1743 505 1795 gulariter
546 1743 737 1797 ruptilis.
784 1767 835 1774 —
882 1744 1040 1787 Herbae
1081 1756 1296 1799 perennes
1334 1744 1401 1786 vel
1435 1755 1594 1786 annuae
1633 1746 1707 1787 aut-
1744 1742 1996 1786 suffrutices

293 1801 477 1845 floribus
501 1802 543 1845 in
571 1802 760 1856 spiculas
788 1803 1088 1847 tribracteatas
1115 1803 1351 1858 dispositis.

708 1954 962 2009 Specierum
988 1955 1280 1999 Orientale'um
1312 1955 1581 2000 distributio.

532 2081 674 2117 Sicams
696 2081 725 2117 I.
751 2101 797 2107 -—-
822 2081 958 2119 Petala
979 2082 1107 2119 libera.
1124 2083 1189 2118 vel
1211 2084 1291 2119 ime.
1306 2083 1392 2120 basi
1407 2086 1563 2119 tantum
1581 2092 1771 2120 connexa.

359 2199 480 2243 Smer.
508 2200 539 2243 I.
574 2201 883 2245 P'rsaocmnos
906 2200 1045 2244 Boiss.
1065 2201 1107 2244 in
1130 2214 1210 2245 n.c.
1233 2201 1387 2245 Prodr.
1412 2226 1466 2233 —-
1490 2202 1662 2246 Remuli
1688 2203 1863 2246 florales
1885 2203 1999 2246 anci-

596 2259 948 2313 piti-complanati
968 2261 1036 2303 vel
1055 2261 1583 2315 trialato·obpyramidati.
1611 2261 1744 2317 Calyx
1762 2262 1997 2306 insertione

597 2323 742 2362 rectus
772 2319 904 2362 limbo
926 2320 1068 2373 amplo
1091 2320 1386 2375 plicatissimo.

348 2409 388 2446 S.
408 2410 582 2456 sinuata,
610 2409 786 2446 Thomna:

363 2534 486 2579 Sscr.
510 2534 566 2578 ΙΙ.
603 2535 817 2580 ΙΑΜοΝωΜ
841 2535 977 2580 Boiss.
1002 2536 1082 2579 loc.
1114 2536 1182 2579 cit.
1206 2561 1261 2567 -
1286 2535 1409 2591 Scapi
1433 2540 1475 2580 et
1499 2536 1608 2579 rami
1638 2536 1907 2580 teretiusculi
1930 2535 1995 2579 vel

598 2596 801 2648 angulati.
845 2594 979 2650 Calyx
1011 2595 1250 2638 insertione
1283 2595 1572 2650 subobliquus
1600 2597 1665 2638 vel
1694 2595 1994 2650 subobliquus.

604 2654 751 2697 Petala
773 2654 940 2708 integra
968 2655 1034 2697 vel
1058 2659 1218 2697 retusa.
1254 2655 1579 2697 Inssoresceutia
1606 2655 1739 2697 varia.

535 2766 546 2778 '
574 2764 769 2801 Perennes
788 2765 1004 2801 rhizomate
1021 2775 1125 2811 saepe
1140 2765 1296 2811 lignoso
1316 2765 1384 2800 sed
1401 2775 1480 2801 non
1498 2765 1771 2801 suffruticosae.

574 2859 616 2900 -l-
643 2856 816 2891 Braeteae
834 2856 1037 2893 inferiores
1054 2857 1231 2902 margine
1248 2858 1400 2892 tantum
1419 2857 1741 2892 membranaceae.

353 2946 392 2984 S.
428 2945 668 2992 La’mom‘um,
703 2945 884 2991 ermelini,
916 2948 1054 2993 effusa,
1083 2947 1326 2995 pycnanfflza,
1359 2947 1701 2993 ,lobularz'aefolz'ffl
1740 2945 1997 2989 Corinthiae-a,

308 2994 547 3041 ocymz's'olz'a‚
565 2993 723 3038 Sz'eberi‚
742 2994 893 3039 rorida,
910 2995 1082 3042 virgata,
1099 2995 1329 3041 cancellata,
1382 2995 1585 3042 osyrensz's,
1605 2995 1724 3031 nuda.
