2065 3271
145 230 314 270 Salsola.
861 238 1132 265 SALSOLACEAE.
1766 227 1838 264 955

191 312 291 347 Hab.
314 311 353 345 in
372 310 496 354 salsis,
524 310 771 356 Cappadocia
798 309 847 345 ad
872 319 1053 345 occasum
1080 309 1267 344 Caesareae
1292 309 1432 354 (Ball),
1459 309 1643 344 Armenia
1666 308 1834 343 Ros-sica

144 359 318 404 (Abich),
347 358 482 392 Persia
501 357 668 392 borealis
690 358 738 392 ad
756 356 919 392 Urmiah
940 356 1107 400 (Szovl),
1134 356 1173 392 in
1201 356 1352 391 deserto
1377 357 1474 391 inter
1494 356 1624 391 Koum
1649 358 1685 389 et
1704 354 1831 389 Seliu-

144 406 213 442 rab
236 404 464 496 ξΗῖωῘεεὶςέ),
483 404 616 440 Persia
632 404 794 439 australi
812 403 860 439 ad
879 403 1030 449 Seytun
1053 406 1091 438 et
1105 401 1254 438 Bender
1274 402 1402 438 Dileni
1422 402 1650 447 (Haussk!)‚
1670 401 1830 446 Atfgba-

146 453 214 488 nia
255 451 400 495 Grist).

193 506 456 552 Semipedalis
483 506 546 541 vel
569 506 686 552 paulo
707 505 845 542 elatior
869 505 1136 541 ramosissima
1158 504 1379 546 dumulosa,
1408 504 1524 539 facies
1550 504 1588 540 S.
1606 503 1838 540 soler-anthus

144 555 212 591 sed
231 554 327 589 folia
343 553 535 588 crassiora
556 553 621 589 3-4
638 552 765 589 lineas
789 554 920 597 longa,
943 551 1151 587 bracteolas
1173 551 1401 586 orbiculatae
1429 554 1471 585 ut
1501 554 1538 586 et
1565 551 1658 585 solia
1688 551 1838 586 llornlia

146 600 706 681 menibrlanuceo-uiarginatae,
734 600 982 646 pen'gonium
1017 600 1261 634 fructiferum
1289 607 1377 633 cum
1405 597 1479 633 alis
1508 601 1584 632 tres
1607 598 1732 633 lineas
1754 598 1838 632 dia-

148 650 273 683 metro
313 651 430 682 atum.

191 713 254 748 Ar.
275 712 406 756 Geoqr.
432 711 574 746 Bossia
591 709 962 754 austro—orientalis,
987 709 1134 745 Sibiria
1151 708 1361 754 Uralensis,
1381 708 1584 754 Songaria.

205 818 244 859 7.
282 817 900 873 S.tamariscina(Pa11.
937 817 987 860 It.
1026 816 1104 868 111,
1135 831 1172 872 p.
1206 816 1313 870 604)
1351 829 1494 858 annua
1531 816 1839 868 scabriuscula,

144 876 263 919 caule
287 879 429 919 erecto
451 889 471 917 a
497 877 585 918 basi
615 877 680 918 vel
707 877 832 929 paulo
858 887 992 928 supra
1012 876 1133 919 basin
1158 887 1332 918 ramoso
1357 874 1489 916 ramis
1515 874 1690 927 virgatis
1709 877 1837 918 alter-

143 936 210 977 nis·
238 935 417 985 sirletiS,
447 935 557 977 foliis
592 935 770 977 alternis
809 934 958 987 rigidis
994 947 1016 976 a
1049 935 1138 976 basi
1173 933 1588 986 serniamplexicauli
1619 933 1833 976 subulatis

143 994 378 1048 spinulosis
415 993 620 1036 brevibus
652 993 782 1036 rectis
818 993 884 1034 vel
919 993 1295 1046 recurvo-patulis,
1323 991 1549 1034 floralibus
1584 993 1830 1035 lanceolatis

144 1051 274 1094 flores
310 1053 633 1105 superantibus,
677 1052 858 1094 floribus
905 1051 1244 1104 1-3-glomeratis
1279 1062 1405 1094 secus
1444 1062 1588 1093 ramos
1622 1052 1664 1092 in
1696 1053 1837 1103 spicas

143 1114 296 1153 tenues
332 1111 476 1164 longas
510 1111 606 1165 plus
644 1111 787 1153 minus
819 1111 975 1152 densas
1017 1110 1254 1165 disposiliS,
1295 1110 1523 1152 bracteolis
1557 1111 1834 1160 triangulari-

142 1169 281 1212 ovatis
307 1171 569 1211 mucronatis
599 1170 818 1223 perigonio
838 1168 1192 1223 siibaequiloiigis‚
1225 1169 1434 1221 perigonii
1462 1168 1674 1210 fructiferi
1700 1167 1835 1219 glabri

143 1228 247 1271 tubo
282 1227 474 1270 breviter
515 1229 716 1271 obconico
757 1229 836 1271 alis
880 1227 1180 1271 erectiusculis
1224 1227 1433 1269 brevibus
1478 1226 1839 1270 semiorbiculatis

144 1286 390 1329 flabellatim
424 1287 902 1330 fuscescenti-nervosis
942 1291 1007 1337 Ε).
1045 1287 1099 1329 lc.
1127 1286 1231 1328 Pall.
1273 1285 1333 1327 lll.
1366 1287 1449 1329 tab.
1480 1287 1532 1328 25
1570 1286 1676 1328 excl.
1714 1286 1782 1337 fig.
1813 1286 1836 1326 ⁰2

143 1345 276 1399 (foliis
300 1345 429 1388 nimis
452 1346 613 1388 crassis
638 1344 924 1400 imperfecta).

189 1417 291 1453 Hab.
309 1419 348 1453 in
367 1418 481 1454 salsis
504 1419 661 1454 Tauriae
680 1418 748 1462 (ex
768 1417 931 1462 Pallas),
950 1418 1271 1453 Transcaucasiae
1291 1417 1340 1453 ad
1358 1417 1506 1453 Salii-an
1524 1418 1631 1462 (CA.
1651 1417 1785 1462 Mey.).

141 1519 155 1557 1
188 1475 354 1521 Pedalie,
383 1475 480 1511 folia
496 1476 731 1511 tenuissima
749 1475 816 1511 3-6
836 1473 963 1510 lineas
984 1474 1114 1521 longa,
1147 1475 1295 1510 fructas
1324 1474 1395 1509 alae
1419 1485 1554 1521 parvae
1580 1474 1726 1510 lineam
1747 1475 1834 1510 circ.

160 1532 284 1569 ongae.

187 1588 248 1623 Ar.
265 1589 396 1633 Geoqr.
424 1588 567 1624 Rossia
586 1587 782 1633 australis,
800 1587 1169 1634 Songa1·ia‚2sihiria
1186 1587 1350 1623 Altaica.

202 1697 241 1738 8.
275 1696 323 1739 S.
345 1697 595 1740 inermis
621 1693 793 1754 (Forsk.
822 1695 883 1738 Fl,
907 1695 979 1748 Eg.
1012 1694 1141 1737 Arab.
1168 1708 1206 1749 p.
1232 1693 1308 1749 57)
1336 1707 1477 1736 annua
1512 1693 1685 1735 demum
1708 1692 1834 1734 indu-

140 1758 230 1799 rata
262 1755 386 1799 valde
419 1755 882 1810 pappuloso-farinosa,
921 1754 1116 1797 caulibus
1156 1754 1384 1807 prostratis
1420 1756 1460 1796 et
1497 1751 1834 1795 ascendentibus

139 1814 385 1857 alternatim
424 1814 733 1857 ramosissimis
773 1814 904 1855 ramis
941 1813 1208 1866 famulisque
1247 1813 1450 1854 tenuibus
1488 1810 1830 1864 divergentibus,

138 1872 249 1922 foliis
279 1873 466 1915 minimis
494 1872 772 1916 inferioribus
798 1872 878 1914 cito
900 1871 1092 1914 deciduis
1115 1870 1609 1923 semiamplexicaulibus
1634 1869 1832 1911 breviter

139 1931 376 1975 linearibus
419 1932 714 1984 acutiusculis‚
757 1930 1057 1984 supet-loribus
1101 1934 1143 1972 et
1182 1930 1406 1972 floralibus
1452 1927 1829 1982 ovato-triquetris

140 1989 258 2033 hisee
278 1990 530 2040 imbricatis,
555 1991 738 2033 floribus
756 1989 902 2044 parvis
919 2000 1045 2031 secus
1064 1990 1254 2031 ramulos
1279 1988 1485 2031 solitariis
1513 1989 1606 2031 laxe
1625 1991 1668 2028 et
1691 1986 1830 2027 tenui-

141 2052 208 2092 ter
235 2050 426 2103 spicatis,
454 2049 683 2092 bracteolis
718 2047 1034 2091 orbicularibus
1074 2047 1385 2090 mucronulatis
1422 2048 1520 2089 solio
1556 2046 1693 2088 florali
1727 2044 1829 2086 sub-

140 2108 412 2161 aequilongis,
456 2109 662 2162 perigenii
703 2107 913 2150 fructiferi
956 2107 1113 2160 phyllis
1158 2106 1357 2149 farinosis
1400 2105 1740 2159 triangularibus
1784 2104 1827 2144 in

141 2167 305 2210 discum
326 2167 671 2219 conniventibus,
692 2167 772 2209 alis
793 2177 946 2207 versus
971 2165 1158 2208 medium
1184 2165 1456 2218 perigenium
1485 2163 1661 2207 insertis
1684 2163 1829 2215 expla-

141 2226 254 2268 natis
285 2226 478 2268 obovatis
511 2226 703 2279 margine
738 2225 921 2268 sinuatis
956 2228 1082 2266 extus
1123 2236 1261 2277 usque
1300 2223 1352 2265 ad
1385 2223 1597 2277 perigenii
1639 2222 1760 2263 basin
1786 2221 1830 2262 iu

143 2296 326 2327 nervum
345 2286 559 2328 elevatum
577 2284 811 2339 productis,
837 2283 1026 2326 antherae
1043 2283 1280 2337 appendIce
1297 2283 1462 2324 minuta
1484 2283 1608 2325 ovata
1629 2280 1783 2323 obtusa
1799 2286 1832 2327 5.

144 2342 197 2384 lc.
222 2343 370 2386 Forsk.
397 2343 509 2387 leon.
531 2343 614 2385 tab.
645 2345 683 2395 8,
710 2343 777 2397 fig.
800 2344 848 2386 B.
873 2366 930 2373 —
957 2341 996 2385 S.
1024 2341 1180 2384 villosa
1207 2340 1320 2383 Sieb.
1340 2353 1430 2383 exs.
1458 2354 1542 2383 nou
1563 2341 1656 2382 Del.

190 2418 291 2454 Hah.
312 2419 350 2454 in
369 2418 537 2454 collibus
555 2419 728 2454 arenosis
749 2418 797 2453 ad
820 2417 1098 2454 Alexandriam
1130 2416 1295 2461 (Fors-k,
1314 2416 1430 2461 Stel»,
1451 2418 1604 2451 samar!
1624 2414 1836 2459 Dupaqu,

142 2465 185 2501 in
207 2465 322 2512 Syria
339 2465 460 2509 (Oliv.
484 2476 532 2501 ex
552 2466 685 2512 Moq.).
712 2466 876 2500 Arabico
897 2464 1112 2501 Gummaelc'
1129 2464 1191 2498 vel
1214 2463 1417 2499 Nadczwa.

192 2522 312 2558 Dunii
330 2522 628 2569 1—1¹l2-pedales,
653 2522 747 2558 folia
768 2523 902 2557 infima
920 2531 1046 2568 pauca.
1067 2521 1089 2556 2
1105 2520 1173 2555 lin.
1193 2520 1321 2566 longa,
1343 2520 1497 2555 iloralia
1518 2519 1622 2554 line-„i
1642 2518 1836 2561 breviora,

143 2569 294 2605 fructus
315 2580 402 2605 cum
423 2569 496 2605 alis
513 2569 631 2605 diam.
648 2569 757 2614 2-21s2
779 2569 902 2605 lineas
923 2570 1076 2604 tantum
1096 2567 1210 2602 latus.

204 2680 245 2721 9.
281 2676 330 2720 S.
356 2678 626 2722 carinata
650 2676 771 2732 (uA.
797 2677 905 2731 Mey.
931 2677 974 2719 in
1000 2676 1157 2718 Eichw.
1185 2674 1308 2729 Casp.
1334 2689 1375 2728 p.
1405 2676 1472 2723 36,
1494 2673 1576 2714 tab.
1601 2671 1676 2724 ⁰28)
1696 2682 1837 2713 annua

148 2741 268 2791 parte
290 2736 482 2780 inferiori
501 2737 754 2789 lanuginosa
779 2736 951 2779 demun}
970 2736 1161 2790 glabrata
1181 2735 1381 2781 farinosa,
1402 2733 1521 2775 caule
1546 2730 1694 2772 humili
1717 2728 1837 2770 tenui

145 2809 167 2837 a
193 2795 284 2839 basi
312 2796 606 2838 ramosissimo
634 2796 807 2838 demum
835 2807 932 2839 cum
965 2795 1097 2838 ramis
1131 2793 1404 2834 filiforniibus
1446 2791 1647 2833 tenuibus
1679 2787 1839 2828 divari-

147 2856 251 2897 catis
276 2854 486 2897 intricatis
506 2855 778 2905 durescente,
802 2855 914 2896 foliis
938 2853 1116 2896 alternis
1136 2856 1177 2893 et
1201 2851 1458 2894 l'ascieulatis
1485 2847 1839 2890 lineari-seiaeeis

147 2913 476 2965 obtusiusculis,
501 2914 681 2957 caulinis
709 2913 984 2963 abbreviatis,
1012 2910 1235 2955 floralibus
1270 2907 1686 2963 triangulari-ovans
1722 2906 1840 2946 brac-

146 2973 272 3016 teolis
300 2973 430 3027 duplo
455 2972 744 3025 brevioribus,
764 2972 945 3016 floribus
967 2970 1110 3027 parvis
1134 2970 1338 3012 solitariis
1360 2967 1560 3022 lepidotis
1585 2965 1773 3008 tenuiter
1799 2968 1843 3006 et
