2100 3262
287 228 382 264 1028
992 231 1252 258 POLYGONEAE.
1726 221 1984 270 Polygonum.

289 312 529 364 angustata.
558 308 695 362 Spicae
723 306 985 350 abbreviatae
1018 309 1167 349 ovatae.
1193 330 1246 335 —
1276 305 1323 347 P.
1357 303 1636 347 bistortoides
1669 305 1808 348 Boiss.
1836 306 1990 360 Diagn.

290 370 382 413 Ser.
412 370 442 418 Ι,
473 370 510 418 5,
537 381 578 422 p.
610 368 680 409 46.
710 390 764 395 ——
788 366 836 408 P.
861 364 1101 417 confusum
1133 365 1282 408 Meisn.
1305 388 1361 394 —-
1394 364 1442 406 P.
1479 362 1671 405 Bistorta
1704 377 1795 407 var.
1828 365 1991 417 (παρέτα-

289 431 381 471 tum
404 426 446 468 G.
472 427 586 468 Koch
613 425 736 466 Linn.
766 423 883 465 XIX.

336 494 436 529 Hab.
452 496 493 528 'm
508 493 680 538 Olympo
694 491 869 536 Bithyno
887 492 926 526 et
941 488 1082 526 Tmolo
1099 489 1233 535 Lydiae
1251 488 1383 533 (Boiss
1392 489 1430 533 1),
1449 490 1580 524 monte
1594 488 1764 524 Anemas
1780 487 1989 534 Lycaoniae

289 541 483 586 (Helm-n,
514 539 716 574 montibus
735 537 963 583 Berytdagh
987 539 1024 572 et
1045 536 1277 581 Aslandagh
1300 535 1496 581 (Hausskx
1525 535 1596 570 Bal
1608 536 1645 580 1),
1674 535 1806 570 Tauro
1825 535 1988 572 Cilicico

288 588 384 633 (Kyl
405 588 522 630 Ball),
545 587 677 621 monte
694 584 847 620 Elvend
867 584 1014 620 Persiae
1036 583 1263 628 (Hausskl).

335 644 395 678 Ar.
417 642 548 686 Geoqr.
574 641 728 676 Montes
750 640 872 675 totius
893 639 1060 685 Europae
1082 639 1165 674 bor.
1189 641 1226 674 et
1242 639 1383 674 mediae
1404 638 1453 674 ad
1474 638 1709 685 Hispaniam
1728 638 1927 674 borealem
1949 642 1989 677 et

287 689 443 727 Italiam
462 688 635 724 mediam
654 697 793 734 usque,
815 686 974 732 Sibiria,
991 687 1098 733 regio
1118 685 1353 731 Himalaica,
1370 685 1551 721 America
1570 685 1755 721 borealis.

875 835 996 879 SEcr.
1033 835 1088 877 [Ι.
1123 835 1396 878 PERSICAfflA.

346 970 383 1011 3.
420 968 478 1010 Ρ.
505 967 878 1023 amphibium
901 966 969 1023 (L.
997 966 1071 1020 Sp.
1104 965 1208 1020 517)
1235 976 1443 1020 perenne,
1474 965 1617 1007 radice
1654 966 1847 1019 repenle,
1870 967 1986 1012 foliis

286 1028 483 1080 oblongis
520 1027 586 1069 vel
622 1027 885 1078 lanceolatis,
924 1026 1055 1080 spicis
1088 1024 1388 1067 terminalibus
1427 1024 1634 1066 solitariis
1677 1025 1985 1078 pedunculatis

287 1087 442 1129 erectis
478 1086 673 1138 oblongis
705 1085 867 1133 densis,
894 1084 1083 1128 bracteis
1107 1084 1247 1126 ovatis
1274 1083 1412 1126 acutis
1437 1083 1670 1136 pedicellos
1694 1083 1989 1138 subaequanti-

286 1145 384 1197 bus
412 1146 594 1188 floribus
619 1144 885 1198 pentandris,
919 1143 1141 1198 perigonio
1163 1141 1445 1196 eglanduloso
1469 1154 1595 1184 roseo
1629 1148 1688 1190 26.
1719 1142 1879 1185 Variat.

346 1241 372 1264 α
419 1223 593 1262 natans.
623 1244 677 1250 —-
709 1217 852 1262 Cauiis
885 1219 1062 1262 fluitans
1097 1217 1264 1260 inferne
1299 1216 1512 1267 radicatis,
1549 1217 1716 1259 ocbrcae
1752 1217 1986 1273 imberbes,

287 1281 384 1323 folla
414 1280 604 1322 natantia
627 1280 751 1331 longe
781 1278 984 1333 petiOIata
1014 1276 1106 1319 basi
1137 1275 1652 1320 rotundato-subcordata
1685 1277 1820 1321 laevia.
1850 1301 1902 1306 ——
1932 1277 1988 1322 Ic.

287 1338 348 1382 Fl.
379 1340 485 1381 Dan.
514 1339 597 1381 tab.
623 1339 725 1380 282.

344 1414 387 1468 ,8.
414 1415 631 1455 terrestrc.
662 1437 710 1446 —-
741 1411 887 1455 Caulis
920 1413 1113 1462 erectuS,
1141 1410 1307 1454 ochreae
1329 1409 1525 1452 breviter
1550 1410 1714 1462 ciliniae,
1751 1410 1849 1454 folia
1884 1410 1987 1454 sub-

287 1473 456 1516 sessilia
484 1471 939 1525 elongato-lanceolata
966 1469 1218 1524 angustiora
1245 1473 1287 1512 et
1311 1469 1503 1512 acutiora
1530 1468 1750 1512 interdum
1777 1469 1989 1523 adpresse

288 1531 498 1575 scabrida.

317 1607 433 1661 .H3b.·
462 1621 495 1641 α.
526 1607 566 1641 in
597 1606 722 1660 aquis,
749 1604 779 1659 β.
803 1605 843 1641 in
872 1603 1048 1658 humidis
1078 1603 1346 1663 probabiliter
1363 1604 1402 1657 in
1436 1603 1518 1638 tota
1542 1604 1660 1685 (parte
1686 1603 1987 1656 septentrionali

287 1653 459 1695 d1t1onis,
493 1653 674 1698 Byzantu
708 1655 746 1687 et
770 1662 811 1687 m
838 1651 1029 1697 B1thyn1a
1060 1650 1236 1697 (snitu),
1269 1650 1416 1686 P1S1d1a
1447 1649 1539 1693 (Hel
1570 1651 1637 1695 1-1),
1668 1649 1843 1686 Libanus
1873 1650 1990 1698 (ΒΗ),

286 1701 472 1737 Armenia
495 1701 612 1744 (Calv
627 1702 664 1745 l),
690 1700 848 1744 Tauria,
866 1698 1067 1734 Caucasus
1085 1700 1123 1733 et
1141 1697 1456 1733 Transcaucasia
1476 1696 1626 1741 (Ledeh
1643 1698 1680 1741 1).

333 1758 396 1792 Ar.
415 1757 546 1801 Geoqr.
574 1756 732 1802 Europa
753 1755 971 1801 praesertim
990 1753 1170 1789 borealis
1193 1755 1232 1788 et
1252 1753 1383 1789 media
1403 1763 1426 1788 a.
1444 1752 1708 1789 Scandinavia
1726 1752 1775 1788 ad
1793 1753 1988 1800 Rossiam‚

285 1803 650 1887 ffisssssitgalioribus
670 1804 810 1848 rarius,
831 1801 988 1847 Sibiria,
1015 1800 1155 1845 China,
1190 1801 1324 1836 Africa
1342 1800 1527 1847 borealis,
1550 1800 1591 1836 P.
1614 1799 1658 1836 B.
1674 1799 1779 1846 Spei,
1806 1800 1991 1838 America

346 1952 384 1993 4.
419 1950 477 1992 P.
519 1950 885 1994 serrulatum
915 1948 1035 2003 (Lag.
1079 1949 1186 1992 Gen.
1226 1952 1269 1992 et
1300 1948 1374 2002 Sp.
1421 1947 1510 2004 14),
1547 1959 1753 2003 perenne,
1791 1951 1988 1993 cautibus

286 2009 453 2052 inferne
492 2010 722 2063 prostratis
763 2007 1054 2051 radicantibus
1096 2009 1195 2051 dein
1234 2008 1392 2052 erectis
1425 2008 1549 2051 elatis
1586 2007 1786 2058 ramosis,
1816 2006 1985 2051 ochreis

286 2069 495 2123 adpresse
532 2069 688 2111 setosis
724 2067 915 2121 margine
945 2066 1054 2110 ciliis
1085 2079 1200 2122 saepe
1233 2067 1296 2110 eis
1329 2067 1584 2121 aequilongis
1607 2065 1846 2115 instructis,
1873 2065 1987 2110 foliis

287 2127 603 2170 subsessilibus
626 2141 650 2170 a
674 2127 766 2169 basi
794 2126 1025 2169 rotundata
1048 2127 1116 2169 vel
1142 2126 1402 2170 subcordata
1421 2129 1605 2180 anguste
1633 2125 1985 2168 lineari-sublan-

288 2186 463 2228 ceolatis
486 2187 742 2230 acuminatis
768 2186 960 2237 margine
985 2185 1195 2240 adpresse
1220 2185 1391 2237 cibatis,
1422 2185 1554 2239 spicis
1578 2183 1810 2227 racemosis
1834 2184 1982 2227 filifor-

286 2245 428 2288 mibus
473 2246 727 2288 laxiusculis
770 2244 941 2294 erectis⁹
984 2244 1167 2288 floribus
1200 2244 1549 2289 ,subnexandris
1593 2242 1813 2298 perigenio
1857 2253 1983 2286 roseo

283 2305 578 2405 {glandulosm
598 2304 809 2347 ochreolis
833 2304 986 2345 crebre
1005 2303 1159 2347 ciliatis
1181 2310 1241 2352 26.
1257 2304 1372 2346 -Ρ,
1390 2302 1681 2355 salicisotizcm
1695 2301 1978 2346 ssroussonet.

303 2362 433 2405 Villd.
459 2364 614 2406 Euum.
639 2376 677 2417 p.
697 2364 796 2406 428.

331 2437 434 2473 Hab.
452 2438 492 2472 in
515 2439 632 2484 aquis
651 2438 865 2473 fluentibus
881 2437 1021 2473 Atticm
1038 2437 1088 2473 ad
1107 2436 1350 2483 Kephissum
1370 2437 1542 2483 (Sprunl
1559 2435 1695 2472 Heldr.
1712 2435 1829 2471 Herb.
1844 2435 1980 2473 Norm.

283 2484 401 2529 7901),
435 2485 559 2521 Cretae
579 2485 763 2529 (Heldrl),
795 2483 919 2530 Syriae
949 2483 1134 2520 littoralis
1160 2484 1210 2520 ad
1230 2484 1419 2520 Sidonem
1451 2483 1536 2528 (ΒΗ
1567 2481 1724 2528 Gaillt),
1751 2482 1803 2518 ad
1822 2480 1978 2528 Tripoli

284 2531 418 2577 (Boiss
429 2534 468 2578 1),
485 2532 647 2579 AEgypti
665 2532 715 2567 ad
733 2531 1017 2568 Alexandriam
1036 2532 1246 2577 (Samari),
1266 2531 1487 2577 Babylonia
1501 2530 1551 2566 ad
1570 2530 1706 2566 Korna
1721 2529 1874 2575 (Noel).

341 2598 383 2653 β.
413 2598 717 2650 salzfcifolium.
750 2622 804 2630 -
831 2599 949 2642 Folia
984 2599 1222 2641 sublatiora
1256 2601 1298 2641 et
1333 2597 1550 2651 breviora,
1579 2598 1838 2640 ochrearum
1876 2597 1981 2639 setae

284 2670 400 2712 saepe
438 2658 763 2701 subbreviorcs.
786 2682 844 2688 —-
877 2658 925 2700 P.
959 2657 1251 2710 salicifolium
1285 2658 1382 2700 Del.
1411 2657 1485 2711 Eg.
1512 2658 1689 2712 (nomen
1720 2655 1896 2710 solum).
1923 2678 1981 2688 —-

282 2716 331 2759 P.
356 2716 793 2770 pseudohydropiper
818 2716 1062 2760 Salzmann.

329 2791 431 2826 Hah.
451 2791 491 2825 in
514 2790 669 2837 Egypto
690 2792 873 2827 inferiore
890 2791 939 2827 ad
957 2791 1183 2828 Damiatam
1201 2792 1313 2836 (Sieb
1324 2794 1363 2838 1),
1383 2791 1434 2828 ad
1450 2791 1658 2827 Dimenete
1677 2790 1877 2836 (Samari).

328 2846 506 2882 Achenia
524 2849 568 2881 ut
586 2846 624 2881 in
648 2846 834 2883 affinibus
851 2848 1007 2883 variant
1023 2846 1274 2884 lenticularia
1290 2850 1328 2884 et
1344 2848 1490 2894 saepius
1512 2848 1712 2893 triquetra.

329 2903 391 2937 Ar.
413 2901 545 2947 Geoqr.
568 2902 782 2948 Lusitania,
798 2902 992 2949 Hispania
1006 2903 1194 2939 australis
1214 2906 1253 2939 et
1265 2903 1480 2948 orientalis,
1495 2903 1627 2939 Gallia
1642 2901 1840 2947 australis,
1855 2901 1981 2949 Italia,

280 2948 580 3043 {iegitgpizifrica
594 2948 778 2996 borealiS,
796 2949 1023 2996 Abyssinia,
1037 2949 1150 2986 India
1165 2950 1351 2997 borealis,
1365 2950 1507 2987 insulae
1523 2950 1791 2995 cananense&
1810 2948 1983 2996 Madera,
