2100 3262
245 159 339 197 1098
917 169 1250 197 EUPHORBIAGEAE.
1698 159 1937 210 Euphor-bia.

246 242 357 287 viata
385 241 558 285 demum
587 243 897 297 approximatis
921 247 963 287 et
989 243 1322 292 subimbricatis,
1347 243 1561 287 involucri
1584 243 1791 286 turbinati
1817 245 1936 289 intus

244 300 297 343 ad
331 300 497 343 faucem
530 299 629 344 hirti
670 301 778 344 lobis
805 302 944 345 ovat-is
980 303 1223 353 fimbriatis,
1255 301 1472 355 glandulis
1505 305 1755 346 transverse
1793 307 1938 347 ovato-

245 358 598 415 triangularibus,
620 361 808 413 capsulae
831 361 1008 404 minutae
1032 365 1168 404 ovatae
1188 360 1323 403 coccis
1344 359 1603 413 rotundatis,
1624 361 1788 403 semine
1810 366 1935 406 ovato

242 414 630 517 {utiquam-angulo
654 419 927 472 nigrescente
945 419 1307 472 luteo-maculato,
1324 419 1557 461 caruncula
1578 419 1696 462 nulla
1714 424 1778 470 Θ.
1797 420 1934 464 Boiss.

266 487 299 518 c.
327 476 412 519 tab.
439 478 507 520 69.

290 549 390 587 Hah.
408 552 450 587 in
468 551 584 587 cultis
604 551 827 598 Caelesyriae
845 555 882 589 et
904 552 1123 589 Antilibani
1148 551 1293 595 (Gailss
1320 551 1395 596 Ky.
1416 550 1532 596 2511),
1561 551 1859 598 Mesopotamiae
1884 553 1934 588 ad

243 594 501 634 Beschhabur
518 597 600 644 (ΚΥ
628 599 748 646 3981),
765 610 885 647 prope
908 601 1011 643 Orsa,
1031 597 1191 644 Suerek,
1213 598 1394 645 Kkarput
1413 598 1637 643 (Hausskl).

291 662 426 699 Cauiis
454 663 742 710 3-5-p011icaris
766 665 835 700 sed
863 664 1038 701 umbella.
1060 663 1280 699 terminalis
1313 674 1402 698 cum
1434 663 1554 698 radiis
1577 666 1739 699 demum
1770 664 1932 710 pedalis,

242 709 340 746 folia
365 710 519 746 floralia
545 713 588 746 ut
618 712 657 746 in
683 711 727 747 Ε.
750 710 908 758 falcata
932 721 1036 757 saepe
1063 711 1277 756 imbricata,
1306 721 1348 746 ca
1381 709 1470 745 sula
1500 711 1568 745 vix
1596 710 1742 746 lineam
1762 710 1880 757 longa
1895 715 1937 747 et

241 753 333 793 lata.
352 757 643 794 Glandularum
663 759 789 795 forma
803 759 854 795 ad
871 758 1015 794 Esulas
1030 757 1239 805 paululum
1258 768 1344 793 acce
1377 758 1416 793 it.

304 866 372 908 34.
406 866 460 909 E.
484 866 975 912 subtuberculata
990 866 1114 922 (CA.
1135 866 1231 920 Mey
1252 867 1353 909 MSS.
1376 890 1433 896 —
1452 865 1588 908 Boiss.
1608 865 1650 908 in
1673 879 1751 910 uc.
1778 866 1930 909 Prodr.

243 922 340 972 XV,
372 937 410 979 p.
448 926 566 979 118),
594 939 735 967 annua
772 926 1060 979 glabriuscula
1095 938 1118 967 a
1152 926 1258 971 collo
1295 936 1410 978 saepe
1447 924 1698 978 pluricaulis
1735 925 1933 968 caulibus

244 985 419 1035 erectis,
450 985 648 1027 umbellae
680 985 810 1027 radiis
838 985 982 1039 quinis
1018 984 1217 1026 3-5-ffdis
1249 983 1346 1026 dein
1373 983 1531 1033 bifidis,
1563 983 1674 1027 foliis
1705 984 1933 1027 sessilibus

245 1043 476 1086 serrulatis
514 1044 605 1086 basi
645 1044 875 1086 attenuatis
910 1043 1071 1086 infimis
1101 1043 1295 1086 obovalis
1325 1042 1490 1085 obtusis
1525 1042 1691 1084 cae'teri's
1731 1042 1934 1096 oblongo-

247 1101 493 1144 lanceolatis
511 1102 660 1153 acutis²
676 1101 898 1144 floralibus
916 1101 1312 1144 ovato-orbiculatis
1335 1101 1649 1144 mucronnlalis
1669 1101 1721 1143 ad
1746 1113 1929 1143 nervum

247 1159 404 1203 subtus
434 1161 625 1204 hirtulis.
651 1161 862 1203 involucri
902 1160 1108 1203 turbinati
1136 1161 1255 1203 intus
1287 1163 1330 1203 et
1357 1163 1483 1202 extus
1518 1159 1619 1202 hirti
1650 1160 1757 1202 lobis
1793 1160 1931 1202 ovatis

245 1220 458 1263 truncatis
490 1219 734 1268 fimbriatis,
767 1219 981 1272 glandulis
1012 1224 1263 1262 transverse
1295 1218 1504 1272 oblongiS‚
1542 1220 1717 1272 capsula
1749 1218 1932 1272 pilosula

249 1278 423 1322 demum
449 1280 640 1332 glabrata
665 1278 839 1331 globosa
866 1278 1173 1335 subtrisulcata
1205 1279 1287 1320 sub
1315 1277 1427 1320 lente
1466 1277 1753 1319 minutissime
1785 1277 1933 1319 tuber·

247 1338 629 1390 culato-rugulosa‚
666 1337 830 1379 semine
869 1340 994 1380 ovato
1032 1335 1366 1391 subdompresso
1405 1336 1664 1387 rufescente,
1701 1335 1933 1378 caruncula

248 1396 423 1439 minima
448 1399 699 1438 transverse
727 1397 850 1437 ovata
879 1400 944 1446 Θ.

244 1514 275 1553 P
294 1469 397 1505 Hah.
416 1470 527 1516 Juxta
555 1468 640 1504 vias
666 1469 706 1504 in
729 1469 871 1505 Persiae
900 1479 1011 1515 prov.
1037 1468 1278 1515 Aderbidjan
1304 1468 1353 1504 ad
1383 1468 1488 1505 Kho’i
1512 1468 1674 1514 (Szovl).
1701 1468 1746 1503 V.
1762 1468 1804 1503 in
1823 1467 1930 1503 herb.

279 1521 398 1564 etrop.

289 1581 425 1617 Facies
444 1581 489 1616 Ε.
506 1579 762 1628 platyphylloe
780 1590 802 1615 a
821 1583 898 1626 qud
911 1580 1074 1627 capsula
1096 1590 1174 1615 non
1190 1583 1400 1615 verrucosa
1418 1579 1558 1626 differt,
1575 1580 1662 1614 atii
1724 1578 1769 1614 E.
1790 1578 1930 1614 micro-

238 1629 408 1677 sphoeroe
425 1628 585 1674 capsula
603 1627 759 1662 exsulczi
776 1627 991 1663 laevissima
1011 1627 1348 1662 subindehiscenti
1365 1627 1543 1663 diversse.

303 1738 370 1779 35.
404 1736 459 1779 E.
493 1734 923 1789 microsphaera
950 1733 1111 1781 (Boiss.
1148 1733 1297 1786 Diagn.
1335 1733 1429 1777 Ser.
1462 1733 1492 1783 Ι,
1530 1735 1574 1784 7,
1607 1746 1649 1788 p.
1680 1733 1756 1786 87)
1784 1744 1929 1775 annua

238 1795 547 1850 glabriuscula.
587 1795 707 1836 caule
743 1796 884 1835 erecto
922 1794 974 1836 ad
1012 1793 1165 1835 collum
1203 1793 1417 1835 interdum
1461 1790 1534 1835 1-2
1574 1791 1752 1834 ramulis
1789 1794 1927 1843 aucto,

247 1855 444 1898 umbellae
468 1852 598 1895 radiis
634 1852 778 1905 quinis
810 1851 966 1894 trifidis
999 1851 1096 1893 dein
1132 1851 1351 1893 interdum
1377 1850 1534 1903 bifidis,
1564 1851 1672 1893 foliis
1699 1849 1927 1892 sessilibus

245 1911 582 1956 membranaceis
616 1911 734 1964 apice
775 1911 1004 1952 serrulalis
1042 1910 1201 1952 infimis
1239 1909 1328 1952 basi
1360 1911 1592 1953 attenuatis
1626 1909 1928 1962 subpetiolatis

242 1972 436 2025 oblongis
459 1971 639 2021 obtusis,
661 1970 826 2011 caeteris
848 1969 1075 2012 sessilibns
1097 1969 1248 2018 aculis
1273 1968 1497 2011 floralibus
1517 1972 1643 2011 ovato
1669 1968 1734 2009 vel
1757 1968 1928 2010 orbicu-

243 2028 683 2083 lato-triangularibus
715 2028 894 2073 obtusis.
935 2028 1145 2070 involucri
1183 2027 1390 2070 turbinati
1432 2032 1559 2070 extus
1593 2031 1635 2071 et
1672 2028 1790 2070 intus
1825 2026 1926 2069 hirti

242 2089 349 2133 lobis
368 2089 505 2132 oratis
522 2087 763 2136 fimbriatis,
784 2087 998 2141 glandulis
1026 2087 1150 2129 ssavis
1174 2090 1424 2129 transverse
1442 2086 1588 2136 ovans,
1607 2086 1781 2140 capsula
1803 2084 1926 2138 longe

240 2149 432 2204 stipilata
449 2147 621 2202 ⁵iuniore
645 2146 757 2188 hirta
789 2148 955 2188 matura
977 2145 1124 2199 glabra
1157 2146 1253 2187 laevi
1279 2146 1489 2200 sphaerica
1517 2157 1602 2187 non
1633 2145 1797 2188 sulcata
1821 2145 1925 2186 sub·

238 2206 539 2252 indehiscenli,
577 2205 740 2248 semine
779 2208 903 2247 ovato
937 2204 1281 2257 subcompresso.
1315 2204 1547 2248 caruncula
1580 2204 1755 2246 minima
1792 2204 1924 2257 patel-

240 2267 316 2309 lari
343 2270 406 2316 Θ,
431 2264 482 2307 Ε.
512 2262 895 2306 Mohammerensis
923 2263 1062 2305 Boiss.
1093 2263 1192 2305 Mss.

284 2340 385 2376 Hah.
406 2341 447 2375 in
465 2339 579 2374 cultis
597 2337 824 2383 Babyloniae
842 2337 891 2373 ad
915 2337 1185 2373 Mohammera
1204 2337 1306 2381 (Noe
1322 2336 1416 2382 392),
1441 2336 1586 2372 Pei-siae
1603 2336 1784 2372 australis
1806 2345 1923 2383 prope

236 2386 396 2423 Schiras
417 2386 510 2431 (Ky.
529 2385 619 2421 4481
639 2384 845 2429 Hausskl),
864 2385 997 2420 Persia
1014 2384 1351 2420 austro-orientali
1367 2384 1419 2419 ad
1437 2383 1632 2419 Chabbise
1650 2383 1748 2430 (Bge
1761 2385 1801 2429 !).

283 2451 434 2488 Similis
455 2451 590 2486 formis
609 2449 867 2495 macrocarpis
887 2448 932 2483 E.
955 2448 1170 2495 Cybirensz's
1191 2459 1213 2484 a
1230 2451 1308 2495 qua
1328 2449 1514 2485 umbellae
1539 2449 1658 2485 radiis
1683 2448 1825 2484 trifidis
1851 2458 1921 2485 nec

234 2497 368 2535 bifidis
387 2501 424 2534 et
441 2498 657 2545 praesertim
675 2496 837 2542 capsula
855 2495 1069 2531 laevissima
1090 2507 1158 2532 nec
1177 2496 1353 2532 echinata
1371 2496 1509 2532 differt.

661 2621 702 2662 —f-
728 2620 769 2661 4-
798 2616 968 2664 Capsula
986 2618 1166 2653 echinata
1184 2618 1247 2653 vel
1268 2628 1489 2654 verrucosa.

880 2698 913 2732 1.
941 2696 1096 2744 Species
1117 2707 1271 2734 annuae.

292 2796 360 2838 36.
394 2794 450 2837 E.
478 2790 823 2848 Cybirensis
847 2789 1009 2845 (Boiss.
1033 2790 1183 2843 Diagn.
1208 2790 1300 2833 Ser.
1320 2790 1352 2834 I.
1379 2791 1416 2843 7,
1441 2804 1480 2847 p.
1503 2792 1558 2834 89
1581 2794 1623 2834 et
1651 2793 1720 2843 12,
1747 2806 1788 2847 p.
1813 2791 1918 2849 109)

231 2867 373 2898 annua
400 2853 563 2906 glabra,
583 2851 704 2893 caule
723 2852 866 2892 erecto
887 2849 1172 2902 subsimplici‚
1199 2849 1397 2892 umbellae
1420 2850 1553 2893 radiis
1576 2851 1720 2904 quinis
1741 2852 1915 2896 demum

232 2913 439 2967 elongatis
463 2914 506 2954 et
531 2921 645 2964 saepe
670 2909 832 2964 pluries
854 2908 1123 2961 dichotomis‚
1153 2908 1265 2951 foliis
1284 2909 1510 2953 sessilibus
1532 2910 1692 2953 intimis
1719 2910 1916 2954 ohovato-
