2100 3262
254 211 325 249 392
897 217 1306 245 scRoanLAmAcEAE.
1324 193 1330 203 ‘
1664 205 1968 255 Serophularia.

979 332 990 343 “
1007 332 1018 344 “
1047 330 1251 367 Perennes.

318 415 364 455 7.
405 413 462 457 S.
506 413 839 457 laterissora
874 413 1079 467 (Trautv·.
1115 413 1216 456 Mel.
1246 413 1361 457 Biol.
1396 418 1506 457 tom.
1540 414 1686 456 VI.—
1709 414 1780 456 Pl.
1811 412 1957 457 Radd.

258 487 306 527 p.
343 474 389 528 6)
415 474 467 516 ad
494 473 679 516 caulium
709 476 874 526 partem
909 473 1160 516 inferiorem
1196 473 1383 526 foliaque
1416 473 1574 516 subtus
1606 473 1660 515 ad
1684 485 1844 516 nervos
1881 484 1964 526 pu-

258 532 438 575 bescens
463 536 666 574 caeterum
697 532 857 586 glabra.
885 531 1082 574 caulibus
1107 531 1321 576 teretibus
1342 532 1577 584 gracilibus
1604 533 1730 574 elatis
1759 530 1965 586 simplici·

257 592 341 634 bus
367 591 435 633 ve'l
463 603 592 646 parce
621 591 819 641 ramosis,
844 591 966 634 foliss
990 591 1193 633 omnibus
1221 591 1433 644 oppositis
1459 590 1835 643 glaucescentibus
1863 590 1963 634 bre-

258 650 436 693 vissime
459 650 674 704 petiolatis
700 663 724 691 a
747 649 839 692 basi
858 649 1032 692 cordata
1058 649 1511 703 oblongo-lanceolatis
1536 650 1790 693 acuminatis
1811 653 1965 703 argute

259 712 300 750 et
329 709 522 750 breviter
549 708 794 757 serrulatis,
825 709 961 763 cymis
985 720 1038 750 ex
1073 709 1275 751 omnibus
1309 709 1452 751 axillis
1488 708 1586 750 folio
1613 708 1872 763 aequi-longis
1894 709 1967 751 vel

258 767 537 811 brevioribus
568 768 760 810 breviter
801 767 1107 821 pedunculalis
1140 768 1233 810 laxe
1271 768 1521 810 multifloris
1559 767 1758 815 trifloris‚
1800 768 1966 822 pedun-

259 827 367 869 culis
424 827 735 880 pedicellisque
777 827 1053 879 glaberrimis
1095 826 1376 880 capillaribus
1425 827 1540 869 hisce
1586 826 1696 870 flore
1743 827 1965 870 multoties

260 885 548 939 longioribus,
575 885 763 928 bracteis
789 884 1064 928 brevissimis
1091 890 1287 937 setae-eis,
1325 885 1510 928 floribus
1537 886 1684 939 parvis
1708 897 1824 940 saepe
1848 886 1962 929 clan-

261 944 444 988 destinis
469 945 630 987 corolla
659 944 900 994 destitutis,
927 945 1084 997 calycis
1118 945 1285 987 laciniis
1325 945 1739 998 triangulari-ovatis
1774 945 1969 988 acutius-

261 1004 371 1045 culis
410 1003 500 1046 sere
531 1004 860 1057 immarginatis,
898 1004 1070 1046 corollae
1098 1004 1243 1046 brevis
1280 1004 1443 1058 pallide
1476 1003 1678 1046 viridulae
1715 1003 1841 1047 labiis
1865 1003 1972 1047 sub·

261 1061 542 1116 aequilougis‚
579 1063 772 1105 authoris
815 1062 1010 1105 breviter
1055 1063 1269 1113 exsertis,
1312 1063 1551 1117 appendice
1590 1063 1735 1106 nulla.
1786 1063 1965 1117 capsula

260 1121 593 1221 {globogo-ovata
624 1121 810 1175 abrupte
836 1124 1007 1164 acutata
1032 1123 1174 1176 calyce
1202 1122 1332 1177 triplo
1358 1122 1553 1176 longiore
1589 1127 1625 1169 26
1649 1153 1657 1162 .
1700 1121 1742 1165 S.
1769 1121 1969 1164 clandes-

273 1192 358 1221 ma
429 1193 525 1235 upr.
557 1192 635 1222 exs

309 1254 411 1289 Hah.
440 1256 479 1290 in
510 1255 675 1302 rupibus
701 1254 879 1300 Caucasi,
910 1256 1055 1291 Suania
1085 1255 1136 1291 ad
1165 1255 1268 1291 Muri
1299 1255 1500 1297 (Raddell.
1530 1255 1741 1290 Tuschetia
1767 1255 1818 1291 ad
1844 1255 1969 1301 Dauo,

260 1300 360 1337 ditio
378 1302 535 1345 Tindal,
553 1303 756 1338 Pschawia
781 1313 900 1349 prope
918 1304 1023 1339 Gubi
1042 1314 1161 1350 supra
1180 1303 1346 1339 fluvium
1362 1305 1543 1348 Aragwa,
1561 1302 1831 1348 Daghestania
1849 1313 1971 1351 prope

261 1348 370 1384 Dido
389 1351 427 1384 et
446 1360 566 1397 supra
585 1350 736 1385 Kussur
754 1350 984 1386 &ow-6600·
1003 1351 1130 1397 (Rupr
1143 1353 1179 1395 l).

314 1413 448 1448 Facies
480 1413 674 1451 Veronz'cae.
694 1414 932 1461 urticz'folioe,
961 1414 1092 1450 caules
1110 1426 1129 1450 e
1150 1414 1278 1450 radice
1299 1414 1431 1462 plures
1447 1414 1586 1461 pedem
1607 1416 1644 1450 et
1659 1413 1832 1461 amplius
1850 1414 1971 1460 longi,

265 1460 359 1495 folia
382 1462 443 1496 4—2
461 1461 558 1508 poll,
578 1462 697 1507 longa
726 1463 812 1498 basi
841 1462 951 1497 1044
975 1462 1055 1497 lata
1086 1462 1202 1498 valde
1232 1463 1465 1506 acuminata,
1496 1472 1621 1508 cymae
1650 1472 1739 1497 cum
1770 1461 1971 1508 pedicellis

263 1507 448 1553 rigidulis
467 1509 582 1551 2:272
605 1509 687 1555 poll
708 1509 849 1555 longae,
868 1509 1014 1545 corolla
1033 1509 1313 1556 sesquilineam
1333 1510 1397 1544 vix
1418 1509 1548 1553 longa,
1567 1509 1738 1556 capsulae
1756 1509 1842 1555 piso
1856 1509 1972 1545 duni-

264 1554 329 1590 dio
345 1555 529 1600 minores,
547 1557 699 1592 semina
720 1560 762 1592 ut.
780 1557 819 1592 in
838 1557 1122 1602 congeneribus
1149 1561 1350 1592 tranversa
1369 1556 1555 1602 rugulosa
1579 1560 1616 1592 et
1636 1559 1824 1603 praeterea
1844 1556 1974 1603 longi-

264 1601 493 1638 tudinaliter
513 1603 666 1639 sulcata
700 1604 856 1651 Species
875 1604 1053 1649 insignis.

326 1726 374 1767 8.
405 1724 462 1767 S.
495 1723 820 1767 orientalis
846 1723 922 1778 (L.
956 1723 1036 1777 Sp.
1069 1724 1172 1779 864)
1198 1724 1345 1777 glabra
1371 1724 1437 1765 vel
1465 1723 1517 1766 ad
1543 1723 1726 1777 petiolas
1750 1728 1792 1767 et
1811 1736 1971 1768 nervos

267 1785 433 1827 minute
477 1783 706 1836 pruinosa,
745 1783 943 1826 caulibus
981 1784 1106 1825 elatis
1148 1783 1365 1835 angulatis
1403 1782 1447 1824 in
1484 1784 1685 1837 thyrsum
1724 1783 1971 1838 elongatum

267 1843 434 1885 nudum
479 1842 1018 1896 glanduloso-puberulum
1061 1842 1351 1894 abeuntibus,
1391 1842 1503 1884 foliis
1552 1842 1769 1896 petiolatis
1810 1843 1973 1887 strictis

267 1902 726 1955 oblongo-lanceolatis
762 1902 1019 1945 acuminatis
1055 1908 1205 1956 argute
1242 1902 1424 1944 serratis
1457 1901 1740 1944 inferioribus
1777 1902 1867 1945 basi
1902 1914 1974 1946 cu·

268 1964 393 2003 neata
433 1960 857 2014 inciso-pinnatifidis
900 1962 967 2003 vel
1006 1965 1228 2014 segmento
1269 1961 1424 2009 auctis,
1467 1973 1690 2003 ramorum
1727 1960 1974 2005 axillarium

267 2020 482 2062 sterilium
526 2019 777 2071 linearibus,
815 2020 972 2073 calycis
999 2020 1134 2074 glabri
1173 2020 1339 2063 laciniis
1373 2019 1776 2062 ovato—orbiculatis
1813 2021 1973 2075 margi-

267 2079 393 2122 natis.
418 2078 590 2120 corollae
617 2078 891 2131 subglobosae
927 2079 1220 2122 luteo-viridis
1255 2079 1367 2120 labio
1402 2079 1631 2133 superiore
1665 2079 1973 2132 subbreviore,

268 2137 525 2180 staminibus
551 2139 737 2181 exsertis
775 2143 842 2185 26.
874 2140 937 2181 Ic.
968 2139 1102 2181 Jaub.
1136 2142 1177 2180 et
1204 2138 1285 2192 Sp.
1315 2138 1378 2179 Ill.
1407 2139 1445 2186 3,
1471 2138 1553 2180 tab.
1585 2140 1693 2181 221.
1728 2163 1778 2169 —
1801 2137 1842 2180 S.
1870 2137 1973 2181 ebu-

268 2195 416 2248 lifolz'a
443 2196 574 2238 MR.
610 2197 749 2240 Taur.
782 2195 918 2240 Cauc.
950 2199 1004 2245 ΙΙ,
1029 2211 1066 2251 p.
1100 2199 1173 2239 77.

316 2270 415 2306 Hah.
436 2271 474 2306 in
497 2271 681 2307 Armenia
701 2272 922 2316 (Tournetl)
941 2272 989 2307 ad
1009 2272 1153 2307 Baibut
1181 2272 1281 2307 inter
1301 2271 1461 2306 dumeta
1481 2271 1532 2307 ad
1550 2271 1636 2307 fluv.
1664 2271 1849 2308 Tchoruk
1869 2272 1976 2319 ripas

268 2318 468 2362 (Boiu-gl),
487 2318 536 2354 ad
558 2319 838 2365 {spir(Huetl),
867 2320 907 2354 in
938 2322 1111 2354 Caucaso
1137 2320 1256 2354 occid.
1283 2319 1390 2363 (CA.
1413 2319 1550 2364 Mem),
1583 2319 1710 2355 Iberia
1738 2321 1776 2355 et
1800 2320 1975 2355 Caucaso

268 2365 447 2401 orientali
466 2366 614 2411 (MR),
633 2368 671 2401 in
692 2377 800 2413 prov.
822 2366 1031 2412 Karabugh
1050 2368 1098 2402 ad
1119 2366 1322 2402 Basarthal
1341 2367 1492 2411 (Buhse
1505 2368 1541 2410 l).

314 2429 378 2465 Ar.
401 2429 532 2475 Geoqr.
562 2429 706 2465 Sibiria
726 2429 926 2466 Uralensis
945 2432 982 2465 et
1001 2430 1161 2465 Allaica.

327 2545 375 2587 9.
416 2544 474 2587 S.
516 2557 775 2589 nervosa
808 2545 925 2601 (Blh.
963 2547 1005 2588 in
1029 2559 1133 2589 1).c.
1176 2546 1337 2588 Prodr.
1372 2547 1426 2597 X,
1452 2559 1500 2600 p.
1542 2546 1649 2601 303)
1679 2546 1975 2600 glabriuscula

269 2605 335 2646 vel
364 2606 559 2647 breviter
587 2606 1044 2660 pruinoso-puberula⁷
1064 2606 1261 2648 caulibus
1285 2605 1440 2648 obtuse
1460 2606 1674 2658 angulatis
1697 2606 1740 2647 iu
1771 2607 1972 2659 thyrsum

269 2664 434 2705 nudum
476 2665 781 2716 glandulosum
817 2664 1092 2708 abeuntibus.
1130 2665 1242 2706 foliis·
1280 2665 1473 2707 breviter
1514 2665 1730 2718 petiolatis
1775 2665 1975 2707 nervosis

268 2723 729 2772 oblongo-lanceolalis
757 2723 977 2766 subtiliter
1014 2725 1242 2766 serrulatis
1278 2724 1345 2765 vel
1379 2724 1658 2777 subiutegris,
1687 2723 1845 2776 calycis
1881 2724 1977 2771 plus

269 2782 414 2824 minus
439 2782 684 2834 glandulosi
723 2783 885 2824 laciniis
916 2784 1053 2825 ovalis
1086 2788 1268 2835 anguste
1300 2784 1566 2834 marginatis.
1603 2784 1773 2824 corollze
1805 2782 1977 2836 subglo-

269 2840 385 2882 hoste
409 2840 540 2883 livide
565 2843 765 2884 violacea?
803 2842 914 2884 labio
944 2843 1172 2895 superiore
1203 2842 1506 2892 sublweviore,
1545 2842 1803 2885 staminibus
1828 2854 1980 2885 exser-

270 2901 326 2940 tis
367 2907 402 2945 26
425 2930 434 2940 .
471 2900 510 2942 S.
539 2900 721 2943 Oliriere'
746 2901 792 2941 .l.
826 2906 868 2943 et
895 2902 974 2955 Sp.
1010 2903 1080 2943 Ill.
1117 2903 1154 2942 3
1181 2903 1274 2943 iah.
1312 2903 1394 2942 2⁶22)
1423 2914 1504 2943 uon
1531 2901 1685 2954 Wydl.

322 2972 419 3009 Hah.
440 2974 480 3008 iu
500 2974 642 3009 Persia·
671 2979 802 3010 moute
819 2975 969 3010 Elvend
991 2986 1109 3022 prope
1131 2975 1340 3010 Hamadan
1362 2975 1497 3019 (Olim,
1524 2976 1645 3010 Auch.
1668 2973 1795 3017 Qfflj‘oxj)
1813 2975 1853 3009 iu
1875 2974 1978 3009 valle
