2065 3271
81 238 283 282 Lamiam.
836 251 1032 278 LAmA‘rAE.
1716 248 1788 285 757

79 324 385 382 gulari-ovatis
413 325 598 368 credatis
625 325 905 368 inferioribus
943 326 1064 378 longe
1101 325 1331 379 petiolatis‚
1367 328 1593 372 floralibus
1621 331 1785 375 sensim

79 384 305 430 diminutis
351 384 544 426 breviter
590 384 804 437 pctiolatis
859 386 1026 436 calyces
1075 386 1411 438 superantibus,
1457 387 1778 434 verticulastris

77 443 390 499 approximatis
428 443 660 489 6-4-ttoris,
705 443 860 497 calycis
900 442 1035 492 glabri
1072 443 1275 486 dentibus
1314 458 1335 485 a
1379 447 1467 487 basi
1505 449 1785 500 triangulari-

78 503 315 547 lanceolata
354 503 476 553 longe
512 502 766 543 acuminatis
805 501 905 545 tubo
938 502 1069 554 duplo
1107 501 1394 553 brevioribus,
1430 508 1602 548 coi-oltra
1642 520 1781 552 roseae

78 562 183 605 tubo
207 565 324 602 recto
346 561 487 613 calyce
514 560 730 613 subduplo
757 561 948 613 longiore
972 561 1092 603 fauce
1114 561 1330 613 ampliata,
1357 564 1476 615 galea
1497 565 1665 608 hirsuta
1685 567 1784 610 sub-

78 619 261 673 integra,
299 620 405 661 lobis
445 620 696 661 lateralibus
732 620 925 662 breviter
948 620 1162 671 angulatis
1197 626 1255 666 26.
1288 620 1335 662 L.
1365 620 1663 674 Garffluu'mm
1691 639 1782 669 var.

77 678 333 732 muln-atum
355 677 523 721 Griseb.
561 677 673 732 Spic.
702 678 754 727 ll,
783 693 822 732 p.
852 679 945 720 1:33.

127 752 227 787 Hah.
246 753 282 787 in
304 752 457 787 saxosis
477 751 639 798 Olympi
656 752 815 797 Bithyni
835 763 858 786 a
877 752 1033 795 regione
1051 751 1223 787 inferiori
1243 764 1363 800 prope
1380 755 1564 791 Urussam
1581 758 1741 799 (Griseh
1756 760 1783 806 )‚

78 808 205 846 usque
223 800 271 834 ad
294 799 468 845 alpinum
489 799 641 843 (Boisst
666 799 795 834 sstem!
816 799 943 836 Pichl!
965 800 1064 844 etc.)

124 854 248 889 Affine
278 853 322 889 L.
346 853 553 899 lonsszfloro
580 854 672 888 Ten.
700 854 751 888 ab
777 863 822 889 eo
847 853 1030 890 dentibus
1060 853 1246 899 calycinis
1279 865 1354 890 non
1383 858 1534 892 tantum
1564 860 1685 894 acutis
1715 860 1782 897 sed

77 898 323 946 longiuscule
355 901 779 943 subulam-,acuminatis
814 905 857 936 nt
887 901 1041 936 videtur
1068 901 1303 937 distinctum.
1343 903 1481 939 Planta
1506 906 1664 941 Serbica
1689 917 1711 942 a
1737 907 1783 945 cl.

77 947 216 985 Paucic
235 949 354 983 inissa
373 949 447 983 huc
465 951 638 995 spectare
661 948 826 983 videtur.

135 1050 173 1090 [ι.
206 1049 261 1091 L.
296 1049 581 1092 striatum
615 1049 776 1104 (Sibth.
813 1052 854 1091 et
891 1047 987 1091 Sm.
1033 1048 1096 1090 Fl.
1133 1048 1206 1091 Gr.
1246 1051 1318 1096 VI.
1361 1064 1401 1104 p.
1444 1053 1514 1103 46,
1553 1053 1637 1095 tab.
1680 1056 1782 1110 557)

76 1108 334 1163 pubescens,
358 1108 554 1151 caulibus
580 1108 918 1150 ascendentibus
947 1108 1233 1162 simplicibus,
1271 1109 1385 1152 soliis
1417 1112 1606 1154 cordatis
1645 1114 1782 1160 oratis

75 1223 335 1268 brevissime
368 1227 583 1280 petiolatis
620 1227 788 1280 calyces
827 1227 1153 1280 superantibus,
1195 1228 1512 1271 verticillastris
1554 1230 1780 1275 8-6—floris

74 1283 353 1328 inferioribus
383 1285 661 1338 distantibus,
680 1286 838 1338 calycis
861 1286 966 1328 hirti
992 1286 1198 1328 dentibus
1222 1300 1245 1329 a
1268 1287 1360 1330 basi
1389 1289 1623 1331 lanceolata
1648 1291 1781 1334 subu-

76 1343 174 1386 latis
199 1344 376 1387 dimidio
402 1345 503 1387 tubo
531 1345 901 1398 sublongioribus,
927 1345 1100 1387 corollae
1126 1347 1270 1400 calyce
1296 1347 1543 1400 quadruplo
1571 1349 1781 1401 longioris

73 1414 244 1446 carnem
288 1405 602 1447 roseo-striatae
642 1405 747 1446 tubo
787 1408 902 1446 recto
936 1404 1054 1447 tenui
1089 1405 1208 1448 intus
1244 1406 1394 1458 glabro
1432 1408 1552 1449 fauce
1593 1408 1781 1461 dilatata,

72 1462 192 1515 galea
220 1462 415 1516 elongata
442 1462 590 1513 bifida,
627 1463 735 1505 lobis
769 1463 1023 1517 lateralibus
1056 1464 1271 1516 angulatis
1309 1465 1505 1508 obsoleto
1540 1466 1779 1511 denticula-

75 1521 129 1563 tis
168 1528 224 1569 26.
268 1523 313 1563 L.
357 1522 672 1574 ασίεεΙῑονηοτῗάεε
716 1522 804 1564 Sm.
853 1523 896 1564 in
940 1523 1054 1566 Rees
1099 1520 1220 1576 CycL
1266 1523 1316 1574 V,
1357 1525 1424 1567 220.
1452 1548 1509 1556 -—
1537 1525 1781 1569 Moldavz'ca

74 1578 312 1622 Orientale's
347 1580 516 1623 lcederoe
557 1583 781 1624 terrestris
805 1581 927 1634 folio
960 1583 1122 1624 Tonrn.
1159 1580 1298 1627 herb!
1326 1609 1381 1615 -—-
1404 1584 1778 1638 Dracoceplmlum

73 1635 360 1692 la272i7f0l1‘um
388 1641 504 1683 Desf.
530 1640 574 1683 in
600 1641 762 1684 Tourn.
793 1642 889 1684 Cor.
914 1641 1001 1684 tab.
1030 1640 1102 1683 15.

121 1713 222 1750 Hah.
243 1715 282 1750 in
302 1716 547 1762 rupestribus
571 1716 741 1761 regionis
762 1718 960 1751 montanae
980 1718 1017 1751 et
1036 1715 1257 1762 subalpinae
1281 1716 1456 1763 Graeciae,
1484 1721 1635 1754 montes
1654 1718 1780 1758 OEncs

73 1760 329 1808 Cephaloniae
356 1765 394 1799 et
413 1764 555 1799 Lassiti
581 1764 705 1799 Cretse
738 1763 926 1808 (Heldrl),
961 1763 1173 1808 Hymetius
1204 1766 1242 1798 et
1267 1765 1413 1800 Parnes
1449 1767 1587 1801 Atticae
1621 1766 1779 1814 (Sihth,

72 1809 192 1844 Auch.
212 1810 322 1846 1683!
346 1810 492 1857 Sprun!
529 1811 655 1846 Boiss!
676 1811 794 1857 Orph.
816 1810 864 1846 Fl
893 1821 971 1846 exs⁴
991 1811 1053 1846 971
1074 1810 1249 1855 Heldrl)‚
1279 1822 1394 1848 mons
1421 1812 1590 1849 Helikon
1618 1813 1778 1851 Baeottae

71 1859 111 1890 et
129 1856 271 1903 Delphi
290 1858 436 1893 Euheae
456 1858 611 1903 (Heldrt
633 1858 791 1904 Orpht),
819 1858 982 1894 Veluchi
1000 1855 1159 1893 OEtoliae
1179 1857 1373 1904 (Samari)
1394 1863 1430 1895 et
1450 1860 1539 1895 OEta
1558 1861 1778 1899 Thessaliae

72 1902 262 1949 (Sprunt),
292 1905 522 1941 Macedonia
547 1906 586 1941 in
616 1909 750 1941 monte
770 1906 962 1941 Corthiati
991 1906 1155 1951 (Orpht)
1179 1909 1218 1940 et
1242 1906 1346 1942 Atho
1375 1908 1537 1951 (Griseb
1550 1909 1577 1952 ],
1609 1907 1779 1945 Laconia

72 1947 112 1985 in
132 1954 261 1987 monte
282 1953 437 1988 Malevo
455 1953 598 2000 (Orpht
618 1952 790 1998 Heldrt)‚
823 1953 1011 1988 Anatolia
1034 1952 1265 1988 occidentali
1289 1954 1330 1989 in
1351 1955 1552 1991 montibus
1573 1954 1722 1991 Cadmo
1742 1958 1780 1994 et

69 1992 211 2034 Tmolo
229 1999 412 2046 (Boisst).
455 1998 457 2001 ’

128 2066 172 2120 β.
214 2067 372 2110 minus.
401 2093 458 2099 —
486 2069 734 2111 Pubescens
752 2105 762 2121 ,
810 2069 955 2112 caules
997 2068 1223 2112 breviores
1265 2070 1400 2123 magis
1442 2070 1779 2118 decumbentes,

71 2123 167 2168 folia
193 2126 419 2181 diminuta,
452 2128 582 2170 flores
621 2129 662 2170 in
705 2128 1026 2171 verticillastris
1064 2140 1181 2182 saepe
1220 2129 1500 2183 paucioribus
1535 2131 1778 2183 pauciores,

71 2182 201 2228 flores
228 2186 433 2238 minoreS,
458 2188 616 2241 ealycis
644 2188 797 2230 dentes
834 2187 1055 2230 interdum
1092 2186 1271 2230 brevius
1297 2188 1489 2230 subtilati
1526 2193 1567 2231 et
1602 2189 1776 2234 corollae

70 2244 187 2294 galea
208 2245 352 2288 minus
379 2247 594 2299 profunde
620 2246 764 2290 bifida.
784 2272 836 2278 —-
855 2246 903 2289 L.
925 2246 1173 2300 Cylleneum
1192 2247 1332 2290 Boiss.
1359 2252 1402 2290 et
1428 2248 1576 2289 Heldr.
1602 2248 1701 2290 Mss.
1719 2273 1775 2281 —-

71 2301 122 2343 L.
154 2303 296 2346 nivale
328 2304 469 2348 Boiss.
497 2310 535 2349 et
562 2306 708 2348 Heldr.
738 2306 830 2350 Ser,
856 2306 888 2358 I,
927 2308 950 2348 7
979 2318 1020 2360 p.
1055 2307 1123 2347 54.
1147 2330 1207 2337 -
1230 2305 1277 2348 L.
1305 2309 1474 2348 rectum
1510 2307 1679 2349 Schenk
1712 2307 1775 2353 Pl.

71 2358 193 2415 Spec.
222 2376 261 2417 p.
292 2362 360 2406 19.

117 2436 216 2474 Hah.
239 2439 279 2474 in
307 2439 496 2485 glareosis
517 2441 687 2487 regionis
706 2441 851 2488 alpinae
873 2441 1042 2487 Taygeti
1068 2441 1218 2486 (Boisst
1240 2440 1410 2485 Heldrt),
1438 2442 1583 2477 montis
1609 2441 1776 2487 Kyllene

66 2481 174 2521 3500'
193 2485 317 2532 (Orph
331 2489 367 2532 l),
393 2488 577 2524 Parnassi
597 2490 754 2534 regione
773 2489 947 2525 abietina
964 2489 1198 2525 3500‘-4000'
1219 2488 1376 2533 (Heldr.
1401 2488 1515 2523 Hert).
1537 2489 1670 2524 Norm.
1689 2489 1775 2528 7271

69 2531 225 2578 OrphD,
251 2535 291 2569 in
311 2535 535 2582 subalpinis
553 2536 695 2571 Amani
715 2537 838 2582 Syriae
857 2536 947 2582 (Ky.
969 2536 1085 2581 2362),
1117 2536 1157 2572 in
1186 2537 1306 2571 totius
1333 2535 1474 2570 Libani
1499 2539 1535 2571 et
1555 2535 1775 2575 Antilibani

71 2581 226 2625 regione
246 2582 457 2628 subalpina
476 2585 514 2618 et.
534 2583 667 2630 alpina
685 2583 801 2627 (Ehrt
821 2583 977 2623 Schub..
997 2583 1127 2619 Boiss!
1146 2584 1210 2619 Bt!
1229 2583 1382 2628 Gailtt).

128 2664 165 2703 y.
204 2647 543 2699 ozepetoefolium.
574 2674 630 2679 —-
656 2649 772 2692 Folia
806 2650 1236 2704 ovato-triangularia
1279 2651 1397 2703 apice
1434 2653 1657 2693 attenuata
1696 2651 1774 2695 sed

68 2703 220 2748 obtusa
250 2707 510 2759 profundius
540 2709 728 2751 dentata.
761 2734 811 2740 —
841 2709 890 2751 L.
916 2708 1244 2762 nepetaefolz'um
1273 2709 1411 2750 Boiss.
1439 2709 1480 2750 iu
1510 2709 1588 2762 Ky.
1618 2709 1772 2754 Sched.

116 2776 215 2814 Hab.
230 2779 268 2814 in
289 2780 424 2816 Cilicia
444 2780 603 2817 littorali
622 2781 672 2817 ad
692 2782 879 2818 Keehlick
897 2782 1038 2828 (Bali),
1069 2783 1201 2819 Tauro
1230 2782 1387 2818 Cilicico
1408 2783 1498 2829 (ΚΥ.
1523 2784 1616 2829 sat),
1641 2787 1774 2824 monte

68 2819 204 2871 DJ'ebel
224 2827 308 2862 Nur
322 2828 470 2864 Ciliciae
489 2828 580 2874 (Ky.
601 2830 647 2865 14
668 2830 743 2865 sub
763 2829 806 2865 L.
828 2830 978 2876 nivali).

127 2889 163 2933 ὃ.
190 2891 447 2942 rem'forme.
470 2917 527 2925 —
547 2893 702 2937 Cautes
724 2894 965 2938 abbreviati
985 2907 1100 2949 saepe
1123 2895 1448 2941 decumbentes.
1479 2896 1772 2942 verticillastri

70 2949 306 3011 paucissori.
344 2952 439 2994 solia
462 2953 611 3006 glabra
639 2955 704 2997 vel
736 2953 947 3008 puberula
973 2955 1140 2998 hirsuta
1177 2959 1219 2997 et
1251 2967 1367 3008 saepe
1403 2956 1576 2997 minima
1614 2955 1771 3000 obtuse

69 3008 392 3053 inciso-crenata
414 3013 815 3056 ovato-reniformia
834 3013 1094 3057 subcordata
1121 3015 1188 3057 vet
1207 3014 1298 3056 basi
1324 3017 1534 3067 truncata,
1560 3014 1769 3060 inferiora
