<?xml version="1.0" encoding="UTF-8"?>
<!DOCTYPE html PUBLIC "-//W3C//DTD XHTML 1.0 Transitional//EN"
    "http://www.w3.org/TR/xhtml1/DTD/xhtml1-transitional.dtd">
<html xmlns="http://www.w3.org/1999/xhtml" xml:lang="en" lang="en">
 <head>
  <title>
</title>
<meta http-equiv="Content-Type" content="text/html;charset=utf-8" />
  <meta name='ocr-system' content='tesseract 3.04.00' />
  <meta name='ocr-capabilities' content='ocr_page ocr_carea ocr_par ocr_line ocrx_word'/>
</head>
<body>
  <div class='ocr_page' id='page_1' title='image "./floraorientaliss04bois_1176.png"; bbox 0 0 2100 3262; ppageno 0'>
   <div class='ocr_carea' id='block_1_1' title="bbox 235 224 1931 270">
    <p class='ocr_par' dir='ltr' id='par_1_1' title="bbox 235 224 1931 270">
     <span class='ocr_line' id='line_1_1' title="bbox 235 224 1931 270; baseline -0.013 0"><span class='ocrx_word' id='word_1_1' title='bbox 235 233 332 270; x_wconf 76' lang='lat'><strong>1168</strong></span> <span class='ocrx_word' id='word_1_2' title='bbox 924 233 1202 265; x_wconf 70' lang='lat' dir='ltr'><strong>CUPULmERAE.</strong></span> <span class='ocrx_word' id='word_1_3' title='bbox 1744 224 1931 265; x_wconf 52' lang='lat' dir='ltr'><strong>Quercus⁵</strong></span> 
     </span>
    </p>
   </div>
   <div class='ocr_carea' id='block_1_2' title="bbox 235 293 1927 420">
    <p class='ocr_par' dir='ltr' id='par_1_2' title="bbox 235 293 1927 420">
     <span class='ocr_line' id='line_1_2' title="bbox 235 293 1927 372; baseline -0.004 -13"><span class='ocrx_word' id='word_1_4' title='bbox 235 313 554 372; x_wconf 83' lang='lat' dir='ltr'><strong>pedunculatis,</strong></span> <span class='ocrx_word' id='word_1_5' title='bbox 578 309 749 364; x_wconf 81' lang='lat' dir='ltr'><strong>cupnlae</strong></span> <span class='ocrx_word' id='word_1_6' title='bbox 778 293 972 362; x_wconf 86' lang='lat' dir='ltr'><strong>squamis</strong></span> <span class='ocrx_word' id='word_1_7' title='bbox 996 307 1343 362; x_wconf 85' lang='lat' dir='ltr'><strong>adpressissimis</strong></span> <span class='ocrx_word' id='word_1_8' title='bbox 1369 307 1622 349; x_wconf 86' lang='lat' dir='ltr'><strong>tomentosis</strong></span> <span class='ocrx_word' id='word_1_9' title='bbox 1651 307 1927 362; x_wconf 84' lang='lat' dir='ltr'><strong>triangulari-</strong></span> 
     </span>
     <span class='ocr_line' id='line_1_3' title="bbox 236 364 1801 420; baseline -0.005 -3"><span class='ocrx_word' id='word_1_10' title='bbox 236 375 374 417; x_wconf 87' lang='lat' dir='ltr'><strong>ovatis</strong></span> <span class='ocrx_word' id='word_1_11' title='bbox 400 370 566 414; x_wconf 87' lang='lat' dir='ltr'><strong>obtusis</strong></span> <span class='ocrx_word' id='word_1_12' title='bbox 590 374 628 420; x_wconf 75' lang='grc'><strong>5.</strong></span> <span class='ocrx_word' id='word_1_13' title='bbox 662 368 720 410; x_wconf 89' lang='lat' dir='ltr'><strong>Ic.</strong></span> <span class='ocrx_word' id='word_1_14' title='bbox 752 366 884 408; x_wconf 83' lang='lat' dir='ltr'><strong>Rchb.</strong></span> <span class='ocrx_word' id='word_1_15' title='bbox 910 366 1055 410; x_wconf 82' lang='lat' dir='ltr'><strong>Germ.</strong></span> <span class='ocrx_word' id='word_1_16' title='bbox 1084 370 1109 409; x_wconf 87' lang='lat' dir='ltr'><strong>t..</strong></span> <span class='ocrx_word' id='word_1_17' title='bbox 1133 364 1262 408; x_wconf 72' lang='lat'><strong>4307.</strong></span> <span class='ocrx_word' id='word_1_18' title='bbox 1289 388 1339 395; x_wconf 91' lang='lat'>-</span> <span class='ocrx_word' id='word_1_19' title='bbox 1366 364 1444 418; x_wconf 63' lang='grc' dir='ltr'><strong>ΚΥ.</strong></span> <span class='ocrx_word' id='word_1_20' title='bbox 1471 365 1587 408; x_wconf 86' lang='lat' dir='ltr'><strong>Eich.</strong></span> <span class='ocrx_word' id='word_1_21' title='bbox 1619 366 1702 408; x_wconf 85' lang='lat' dir='ltr'><strong>tab.</strong></span> <span class='ocrx_word' id='word_1_22' title='bbox 1732 368 1801 410; x_wconf 81' lang='lat'><strong>38.</strong></span> 
     </span>
    </p>
   </div>
   <div class='ocr_carea' id='block_1_3' title="bbox 234 438 1930 587">
    <p class='ocr_par' dir='ltr' id='par_1_3' title="bbox 234 438 1930 587">
     <span class='ocr_line' id='line_1_4' title="bbox 282 438 1929 489; baseline -0.004 -7"><span class='ocrx_word' id='word_1_23' title='bbox 282 447 385 482; x_wconf 85' lang='lat' dir='ltr'><strong>Hab.</strong></span> <span class='ocrx_word' id='word_1_24' title='bbox 413 447 451 480; x_wconf 91' lang='lat' dir='ltr'><strong>in</strong></span> <span class='ocrx_word' id='word_1_25' title='bbox 470 444 629 489; x_wconf 75' lang='lat' dir='ltr'>regione</span> <span class='ocrx_word' id='word_1_26' title='bbox 651 441 827 477; x_wconf 84' lang='lat' dir='ltr'><strong>inferiori</strong></span> <span class='ocrx_word' id='word_1_27' title='bbox 849 442 887 475; x_wconf 85' lang='lat' dir='ltr'><strong>et</strong></span> <span class='ocrx_word' id='word_1_28' title='bbox 907 442 1093 476; x_wconf 66' lang='lat' dir='ltr'><strong>montana</strong></span> <span class='ocrx_word' id='word_1_29' title='bbox 1111 439 1272 475; x_wconf 83' lang='lat' dir='ltr'><strong>Graeciae</strong></span> <span class='ocrx_word' id='word_1_30' title='bbox 1292 439 1450 483; x_wconf 87' lang='lat' dir='ltr'><strong>(Sibth.,</strong></span> <span class='ocrx_word' id='word_1_31' title='bbox 1473 438 1614 475; x_wconf 86' lang='lat' dir='ltr'><strong>Heldrl</strong></span> <span class='ocrx_word' id='word_1_32' title='bbox 1634 440 1746 486; x_wconf 79' lang='lat' dir='ltr'><strong>Kyt),</strong></span> <span class='ocrx_word' id='word_1_33' title='bbox 1776 441 1929 487; x_wconf 83' lang='lat' dir='ltr'><strong>Cepha-</strong></span> 
     </span>
     <span class='ocr_line' id='line_1_5' title="bbox 234 485 1930 538; baseline -0.004 -8"><span class='ocrx_word' id='word_1_34' title='bbox 234 494 353 530; x_wconf 86' lang='lat' dir='ltr'><strong>loniae</strong></span> <span class='ocrx_word' id='word_1_35' title='bbox 373 491 561 538; x_wconf 81' lang='lat' dir='ltr'><strong>(Heldrl),</strong></span> <span class='ocrx_word' id='word_1_36' title='bbox 593 490 715 524; x_wconf 87' lang='lat' dir='ltr'><strong>Cretae</strong></span> <span class='ocrx_word' id='word_1_37' title='bbox 735 487 890 532; x_wconf 85' lang='lat' dir='ltr'><strong>(Heldrl</strong></span> <span class='ocrx_word' id='word_1_38' title='bbox 911 488 1020 533; x_wconf 77' lang='lat' dir='ltr'><strong>Kyt),</strong></span> <span class='ocrx_word' id='word_1_39' title='bbox 1050 486 1286 522; x_wconf 81' lang='lat' dir='ltr'><strong>Macedoniae</strong></span> <span class='ocrx_word' id='word_1_40' title='bbox 1305 487 1440 530; x_wconf 88' lang='lat' dir='ltr'><strong>(Frivl</strong></span> <span class='ocrx_word' id='word_1_41' title='bbox 1460 485 1644 531; x_wconf 57' lang='lat' dir='ltr'><strong>(insen),</strong></span> <span class='ocrx_word' id='word_1_42' title='bbox 1675 487 1930 534; x_wconf 82' lang='lat' dir='ltr'><strong>Archipelagi</strong></span> 
     </span>
     <span class='ocr_line' id='line_1_6' title="bbox 235 532 1525 587; baseline -0.007 -11"><span class='ocrx_word' id='word_1_43' title='bbox 235 541 410 587; x_wconf 62' lang='lat' dir='ltr'><strong>(Auen),</strong></span> <span class='ocrx_word' id='word_1_44' title='bbox 428 538 542 574; x_wconf 83' lang='lat' dir='ltr'>Ponti</span> <span class='ocrx_word' id='word_1_45' title='bbox 559 537 610 572; x_wconf 82' lang='lat' dir='ltr'><strong>ad</strong></span> <span class='ocrx_word' id='word_1_46' title='bbox 632 536 804 571; x_wconf 87' lang='lat' dir='ltr'><strong>Samsun</strong></span> <span class='ocrx_word' id='word_1_47' title='bbox 823 535 916 580; x_wconf 87' lang='lat' dir='ltr'><strong>(Ky.</strong></span> <span class='ocrx_word' id='word_1_48' title='bbox 932 535 977 569; x_wconf 88' lang='lat'><strong>71</strong></span> <span class='ocrx_word' id='word_1_49' title='bbox 990 538 1028 580; x_wconf 84' lang='lat' dir='ltr'><strong>t),</strong></span> <span class='ocrx_word' id='word_1_50' title='bbox 1048 533 1173 579; x_wconf 84' lang='lat' dir='ltr'><strong>Syriae</strong></span> <span class='ocrx_word' id='word_1_51' title='bbox 1194 533 1380 569; x_wconf 83' lang='lat' dir='ltr'><strong>littoralis</strong></span> <span class='ocrx_word' id='word_1_52' title='bbox 1401 532 1525 578; x_wconf 86' lang='lat' dir='ltr'><strong>(Kyt).</strong></span> 
     </span>
    </p>
   </div>
   <div class='ocr_carea' id='block_1_4' title="bbox 282 595 1481 647">
    <p class='ocr_par' dir='ltr' id='par_1_4' title="bbox 282 595 1481 647">
     <span class='ocr_line' id='line_1_7' title="bbox 282 595 1481 647; baseline -0.008 -7"><span class='ocrx_word' id='word_1_53' title='bbox 282 604 343 640; x_wconf 83' lang='lat' dir='ltr'><strong>Ar.</strong></span> <span class='ocrx_word' id='word_1_54' title='bbox 363 602 495 647; x_wconf 76' lang='lat' dir='ltr'><strong>Geoqr.</strong></span> <span class='ocrx_word' id='word_1_55' title='bbox 521 601 690 646; x_wconf 80' lang='lat' dir='ltr'><strong>Europae</strong></span> <span class='ocrx_word' id='word_1_56' title='bbox 712 598 822 644; x_wconf 83' lang='lat' dir='ltr'><strong>regio</strong></span> <span class='ocrx_word' id='word_1_57' title='bbox 844 596 1143 643; x_wconf 80' lang='lat' dir='ltr'><strong>Mediterranea,</strong></span> <span class='ocrx_word' id='word_1_58' title='bbox 1163 595 1296 632; x_wconf 85' lang='lat' dir='ltr'><strong>Africa.</strong></span> <span class='ocrx_word' id='word_1_59' title='bbox 1311 595 1481 632; x_wconf 81' lang='lat' dir='ltr'><strong>borealis</strong></span> 
     </span>
    </p>
   </div>
   <div class='ocr_carea' id='block_1_5' title="bbox 235 693 1936 1209">
    <p class='ocr_par' dir='ltr' id='par_1_5' title="bbox 235 693 1935 1045">
     <span class='ocr_line' id='line_1_8' title="bbox 294 693 1928 752; baseline -0.004 -8"><span class='ocrx_word' id='word_1_60' title='bbox 294 703 334 744; x_wconf 87' lang='grc'><strong>9.</strong></span> <span class='ocrx_word' id='word_1_61' title='bbox 367 701 423 745; x_wconf 82' lang='lat' dir='ltr'><strong>Q.</strong></span> <span class='ocrx_word' id='word_1_62' title='bbox 445 699 660 742; x_wconf 79' lang='lat' dir='ltr'><strong>&#39;Balout</strong></span> <span class='ocrx_word' id='word_1_63' title='bbox 681 696 826 752; x_wconf 76' lang='lat' dir='ltr'><strong>[Grtff.</strong></span> <span class='ocrx_word' id='word_1_64' title='bbox 854 695 948 739; x_wconf 86' lang='lat' dir='ltr'><strong>[tin.</strong></span> <span class='ocrx_word' id='word_1_65' title='bbox 972 695 1067 738; x_wconf 89' lang='lat' dir='ltr'><strong>Not.</strong></span> <span class='ocrx_word' id='word_1_66' title='bbox 1099 707 1140 749; x_wconf 88' lang='lat' dir='ltr'><strong>p.</strong></span> <span class='ocrx_word' id='word_1_67' title='bbox 1168 693 1274 749; x_wconf 66' lang='lat'>328)</span> <span class='ocrx_word' id='word_1_68' title='bbox 1311 695 1494 737; x_wconf 85' lang='lat' dir='ltr'><strong>arborea</strong></span> <span class='ocrx_word' id='word_1_69' title='bbox 1532 695 1761 739; x_wconf 87' lang='lat' dir='ltr'><strong>mediocris</strong></span> <span class='ocrx_word' id='word_1_70' title='bbox 1790 708 1813 737; x_wconf 89' lang='lat' dir='ltr'><strong>a</strong></span> <span class='ocrx_word' id='word_1_71' title='bbox 1836 695 1928 738; x_wconf 86' lang='lat' dir='ltr'><strong>basi</strong></span> 
     </span>
     <span class='ocr_line' id='line_1_9' title="bbox 235 753 1928 807; baseline -0.004 -4"><span class='ocrx_word' id='word_1_72' title='bbox 235 759 326 803; x_wconf 84' lang='lat' dir='ltr'><strong>fere</strong></span> <span class='ocrx_word' id='word_1_73' title='bbox 363 770 531 801; x_wconf 86' lang='lat' dir='ltr'><strong>ramosa</strong></span> <span class='ocrx_word' id='word_1_74' title='bbox 576 757 650 798; x_wconf 82' lang='lat' dir='ltr'><strong>vix</strong></span> <span class='ocrx_word' id='word_1_75' title='bbox 691 756 917 806; x_wconf 86' lang='lat' dir='ltr'><strong>suberosa‚</strong></span> <span class='ocrx_word' id='word_1_76' title='bbox 968 753 1081 797; x_wconf 76' lang='lat' dir='ltr'><strong>soti1s</strong></span> <span class='ocrx_word' id='word_1_77' title='bbox 1129 753 1465 807; x_wconf 78' lang='lat' dir='ltr'><strong>persistentibus</strong></span> <span class='ocrx_word' id='word_1_78' title='bbox 1507 753 1928 807; x_wconf 87' lang='lat' dir='ltr'><strong>sempervirentibus</strong></span> 
     </span>
     <span class='ocr_line' id='line_1_10' title="bbox 235 811 1935 870; baseline -0.004 -8"><span class='ocrx_word' id='word_1_79' title='bbox 235 818 440 862; x_wconf 82' lang='lat' dir='ltr'><strong>coriaceis</strong></span> <span class='ocrx_word' id='word_1_80' title='bbox 464 829 598 870; x_wconf 77' lang='lat' dir='ltr'><strong>supra</strong></span> <span class='ocrx_word' id='word_1_81' title='bbox 620 814 782 869; x_wconf 81' lang='lat' dir='ltr'><strong>glabris</strong></span> <span class='ocrx_word' id='word_1_82' title='bbox 811 813 966 856; x_wconf 82' lang='lat' dir='ltr'><strong>subtus</strong></span> <span class='ocrx_word' id='word_1_83' title='bbox 997 812 1158 866; x_wconf 83' lang='lat' dir='ltr'><strong>glaucis</strong></span> <span class='ocrx_word' id='word_1_84' title='bbox 1195 812 1484 854; x_wconf 83' lang='lat' dir='ltr'><strong>minutissime</strong></span> <span class='ocrx_word' id='word_1_85' title='bbox 1512 811 1713 865; x_wconf 82' lang='lat' dir='ltr'><strong>lepidotis</strong></span> <span class='ocrx_word' id='word_1_86' title='bbox 1738 812 1935 855; x_wconf 82' lang='lat' dir='ltr'><strong>breviter</strong></span> 
     </span>
     <span class='ocr_line' id='line_1_11' title="bbox 236 870 1930 933; baseline -0.005 -12"><span class='ocrx_word' id='word_1_87' title='bbox 236 877 454 933; x_wconf 83' lang='lat' dir='ltr'><strong>petiolatis</strong></span> <span class='ocrx_word' id='word_1_88' title='bbox 494 875 584 918; x_wconf 83' lang='lat' dir='ltr'><strong>basi</strong></span> <span class='ocrx_word' id='word_1_89' title='bbox 625 873 870 918; x_wconf 72' lang='lat' dir='ltr'><strong>rotundatis</strong></span> <span class='ocrx_word' id='word_1_90' title='bbox 903 871 1255 925; x_wconf 89' lang='lat' dir='ltr'><strong>ovato-ellipticis</strong></span> <span class='ocrx_word' id='word_1_91' title='bbox 1293 870 1460 913; x_wconf 87' lang='lat' dir='ltr'><strong>obtusis</strong></span> <span class='ocrx_word' id='word_1_92' title='bbox 1498 870 1696 923; x_wconf 84' lang='lat' dir='ltr'><strong>integris,</strong></span> <span class='ocrx_word' id='word_1_93' title='bbox 1736 871 1930 913; x_wconf 85' lang='lat' dir='ltr'><strong>antheris</strong></span> 
     </span>
     <span class='ocr_line' id='line_1_12' title="bbox 236 929 1933 988; baseline -0.005 -9"><span class='ocrx_word' id='word_1_94' title='bbox 236 936 424 988; x_wconf 76' lang='lat' dir='ltr'><strong>muticiS,</strong></span> <span class='ocrx_word' id='word_1_95' title='bbox 462 934 632 987; x_wconf 82' lang='lat' dir='ltr'><strong>cuputae</strong></span> <span class='ocrx_word' id='word_1_96' title='bbox 664 944 739 975; x_wconf 86' lang='lat' dir='ltr'><strong>ore</strong></span> <span class='ocrx_word' id='word_1_97' title='bbox 772 933 1000 973; x_wconf 78' lang='lat' dir='ltr'><strong>contractae</strong></span> <span class='ocrx_word' id='word_1_98' title='bbox 1025 929 1229 984; x_wconf 84' lang='lat' dir='ltr'><strong>¹squamis</strong></span> <span class='ocrx_word' id='word_1_99' title='bbox 1266 929 1447 973; x_wconf 91' lang='lat' dir='ltr'><strong>minutis</strong></span> <span class='ocrx_word' id='word_1_100' title='bbox 1484 929 1744 985; x_wconf 83' lang='lat' dir='ltr'><strong>densissime</strong></span> <span class='ocrx_word' id='word_1_101' title='bbox 1781 929 1933 971; x_wconf 89' lang='lat' dir='ltr'><strong>imbri-</strong></span> 
     </span>
     <span class='ocr_line' id='line_1_13' title="bbox 236 996 403 1045; baseline -0.018 -6"><span class='ocrx_word' id='word_1_102' title='bbox 236 996 342 1039; x_wconf 84' lang='lat' dir='ltr'><strong>catis</strong></span> <span class='ocrx_word' id='word_1_103' title='bbox 365 999 403 1045; x_wconf 69' lang='grc' dir='ltr'><strong>ὅ.</strong></span> 
     </span>
    </p>

    <p class='ocr_par' dir='ltr' id='par_1_6' title="bbox 283 1060 1653 1107">
     <span class='ocr_line' id='line_1_14' title="bbox 283 1060 1653 1107; baseline -0.005 -4"><span class='ocrx_word' id='word_1_104' title='bbox 283 1068 386 1103; x_wconf 82' lang='lat' dir='ltr'><strong>Hah.</strong></span> <span class='ocrx_word' id='word_1_105' title='bbox 407 1068 447 1102; x_wconf 86' lang='lat' dir='ltr'><strong>in</strong></span> <span class='ocrx_word' id='word_1_106' title='bbox 466 1065 669 1102; x_wconf 85' lang='lat' dir='ltr'><strong>montibus</strong></span> <span class='ocrx_word' id='word_1_107' title='bbox 691 1063 788 1099; x_wconf 79' lang='lat' dir='ltr'><strong>Bala</strong></span> <span class='ocrx_word' id='word_1_108' title='bbox 808 1062 969 1107; x_wconf 82' lang='lat' dir='ltr'><strong>Chugur</strong></span> <span class='ocrx_word' id='word_1_109' title='bbox 989 1060 1096 1096; x_wconf 84' lang='lat' dir='ltr'><strong>Sera&#39;i</strong></span> <span class='ocrx_word' id='word_1_110' title='bbox 1114 1060 1347 1098; x_wconf 75' lang='lat'>3000’-5500&#39;</span> <span class='ocrx_word' id='word_1_111' title='bbox 1369 1060 1495 1106; x_wconf 85' lang='lat' dir='ltr'><strong>(Griff.</strong></span> <span class='ocrx_word' id='word_1_112' title='bbox 1513 1061 1653 1107; x_wconf 82' lang='lat'><strong>44481).</strong></span> 
     </span>
    </p>

    <p class='ocr_par' dir='ltr' id='par_1_7' title="bbox 235 1116 1936 1209">
     <span class='ocr_line' id='line_1_15' title="bbox 283 1116 1932 1165; baseline -0.005 -6"><span class='ocrx_word' id='word_1_113' title='bbox 283 1123 398 1159; x_wconf 80' lang='lat' dir='ltr'><strong>Folia</strong></span> <span class='ocrx_word' id='word_1_114' title='bbox 413 1121 526 1158; x_wconf 79' lang='lat'>14-18</span> <span class='ocrx_word' id='word_1_115' title='bbox 539 1121 608 1156; x_wconf 87' lang='lat' dir='ltr'><strong>lin.</strong></span> <span class='ocrx_word' id='word_1_116' title='bbox 621 1120 743 1165; x_wconf 81' lang='lat' dir='ltr'><strong>longa</strong></span> <span class='ocrx_word' id='word_1_117' title='bbox 756 1118 822 1153; x_wconf 79' lang='grc'><strong>8-9</strong></span> <span class='ocrx_word' id='word_1_118' title='bbox 836 1118 918 1152; x_wconf 81' lang='lat' dir='ltr'><strong>lata</strong></span> <span class='ocrx_word' id='word_1_119' title='bbox 932 1117 1011 1152; x_wconf 90' lang='lat' dir='ltr'><strong>illis</strong></span> <span class='ocrx_word' id='word_1_120' title='bbox 1027 1117 1242 1152; x_wconf 76' lang='lat' dir='ltr'><strong>formarum</strong></span> <span class='ocrx_word' id='word_1_121' title='bbox 1260 1116 1589 1162; x_wconf 83' lang='lat' dir='ltr'><strong>integrifoliarum</strong></span> <span class='ocrx_word' id='word_1_122' title='bbox 1605 1116 1647 1156; x_wconf 83' lang='lat' dir='ltr'><strong>Q.</strong></span> <span class='ocrx_word' id='word_1_123' title='bbox 1661 1116 1767 1153; x_wconf 81' lang='lat' dir='ltr'><strong>llz‘cz‘s</strong></span> <span class='ocrx_word' id='word_1_124' title='bbox 1783 1117 1932 1152; x_wconf 58' lang='lat' dir='ltr'><strong>÷imilia</strong></span> 
     </span>
     <span class='ocr_line' id='line_1_16' title="bbox 235 1163 1936 1209; baseline -0.004 -3"><span class='ocrx_word' id='word_1_125' title='bbox 235 1170 305 1206; x_wconf 86' lang='lat' dir='ltr'><strong>sed</strong></span> <span class='ocrx_word' id='word_1_126' title='bbox 326 1170 605 1205; x_wconf 83' lang='lat' dir='ltr'><strong>indumentum</strong></span> <span class='ocrx_word' id='word_1_127' title='bbox 623 1166 734 1202; x_wconf 83' lang='lat' dir='ltr'><strong>faciei</strong></span> <span class='ocrx_word' id='word_1_128' title='bbox 754 1164 950 1200; x_wconf 84' lang='lat' dir='ltr'><strong>inferioris</strong></span> <span class='ocrx_word' id='word_1_129' title='bbox 970 1163 1172 1198; x_wconf 87' lang='lat' dir='ltr'><strong>diversum</strong></span> <span class='ocrx_word' id='word_1_130' title='bbox 1200 1164 1422 1209; x_wconf 81' lang='lat' dir='ltr'><strong>squamulis</strong></span> <span class='ocrx_word' id='word_1_131' title='bbox 1444 1163 1720 1199; x_wconf 87' lang='lat' dir='ltr'><strong>minutissimis</strong></span> <span class='ocrx_word' id='word_1_132' title='bbox 1746 1174 1817 1199; x_wconf 89' lang='lat' dir='ltr'><strong>nec</strong></span> <span class='ocrx_word' id='word_1_133' title='bbox 1839 1164 1936 1209; x_wconf 84' lang='lat' dir='ltr'><strong>pilis</strong></span> 
     </span>
    </p>
   </div>
   <div class='ocr_carea' id='block_1_6' title="bbox 236 1210 1933 1307">
    <p class='ocr_par' dir='ltr' id='par_1_8' title="bbox 236 1210 1933 1307">
     <span class='ocr_line' id='line_1_17' title="bbox 236 1210 1933 1257; baseline -0.004 -4"><span class='ocrx_word' id='word_1_134' title='bbox 236 1217 403 1253; x_wconf 80' lang='lat' dir='ltr'><strong>stellatis</strong></span> <span class='ocrx_word' id='word_1_135' title='bbox 425 1219 620 1251; x_wconf 78' lang='lat' dir='ltr'><strong>constans.</strong></span> <span class='ocrx_word' id='word_1_136' title='bbox 654 1214 820 1248; x_wconf 86' lang='lat' dir='ltr'><strong>Fructus</strong></span> <span class='ocrx_word' id='word_1_137' title='bbox 851 1221 874 1246; x_wconf 84' lang='lat' dir='ltr'><strong>a</strong></span> <span class='ocrx_word' id='word_1_138' title='bbox 901 1220 963 1245; x_wconf 86' lang='lat' dir='ltr'><strong>me</strong></span> <span class='ocrx_word' id='word_1_139' title='bbox 991 1220 1070 1245; x_wconf 90' lang='lat' dir='ltr'><strong>non</strong></span> <span class='ocrx_word' id='word_1_140' title='bbox 1094 1211 1217 1246; x_wconf 84' lang='lat' dir='ltr'><strong>visus.</strong></span> <span class='ocrx_word' id='word_1_141' title='bbox 1250 1210 1442 1247; x_wconf 70' lang='lat' dir='ltr'><strong>Romulos</strong></span> <span class='ocrx_word' id='word_1_142' title='bbox 1467 1211 1618 1246; x_wconf 86' lang='lat' dir='ltr'><strong>steriles</strong></span> <span class='ocrx_word' id='word_1_143' title='bbox 1636 1211 1784 1257; x_wconf 79' lang='lat' dir='ltr'><strong>speciei</strong></span> <span class='ocrx_word' id='word_1_144' title='bbox 1804 1210 1933 1246; x_wconf 85' lang='lat' dir='ltr'><strong>affinis</strong></span> 
     </span>
     <span class='ocr_line' id='line_1_18' title="bbox 236 1257 1932 1307; baseline -0.004 -7"><span class='ocrx_word' id='word_1_145' title='bbox 236 1264 307 1300; x_wconf 86' lang='lat' dir='ltr'><strong>sed</strong></span> <span class='ocrx_word' id='word_1_146' title='bbox 326 1264 432 1299; x_wconf 83' lang='lat' dir='ltr'><strong>foliis</strong></span> <span class='ocrx_word' id='word_1_147' title='bbox 453 1263 569 1307; x_wconf 81' lang='lat' dir='ltr'><strong>longe</strong></span> <span class='ocrx_word' id='word_1_148' title='bbox 594 1258 948 1295; x_wconf 59' lang='lat' dir='ltr'><strong>{tristato-dentatis</strong></span> <span class='ocrx_word' id='word_1_149' title='bbox 970 1257 1114 1293; x_wconf 77' lang='lat' dir='ltr'><strong>subtus</strong></span> <span class='ocrx_word' id='word_1_150' title='bbox 1134 1257 1250 1293; x_wconf 84' lang='lat' dir='ltr'><strong>nudis</strong></span> <span class='ocrx_word' id='word_1_151' title='bbox 1270 1267 1319 1292; x_wconf 84' lang='lat' dir='ltr'><strong>ex</strong></span> <span class='ocrx_word' id='word_1_152' title='bbox 1336 1257 1554 1293; x_wconf 83' lang='lat' dir='ltr'><strong>Bharowul</strong></span> <span class='ocrx_word' id='word_1_153' title='bbox 1575 1258 1781 1304; x_wconf 81' lang='lat' dir='ltr'><strong>Afghaniae</strong></span> <span class='ocrx_word' id='word_1_154' title='bbox 1801 1257 1932 1302; x_wconf 84' lang='lat' dir='ltr'><strong>(Griff.</strong></span> 
     </span>
    </p>
   </div>
   <div class='ocr_carea' id='block_1_7' title="bbox 236 1305 850 1351">
    <p class='ocr_par' dir='ltr' id='par_1_9' title="bbox 236 1305 850 1351">
     <span class='ocr_line' id='line_1_19' title="bbox 236 1305 850 1351; baseline -0.013 -4"><span class='ocrx_word' id='word_1_155' title='bbox 236 1311 285 1347; x_wconf 82' lang='lat'><strong>23</strong></span> <span class='ocrx_word' id='word_1_156' title='bbox 304 1310 379 1346; x_wconf 88' lang='lat' dir='ltr'><strong>sub</strong></span> <span class='ocrx_word' id='word_1_157' title='bbox 400 1310 441 1349; x_wconf 85' lang='lat' dir='ltr'><strong>Q.</strong></span> <span class='ocrx_word' id='word_1_158' title='bbox 463 1309 611 1345; x_wconf 76' lang='grc' dir='ltr'><em>Βαίοαι</em></span> <span class='ocrx_word' id='word_1_159' title='bbox 632 1308 734 1351; x_wconf 82' lang='lat' dir='ltr'><strong>var.)</strong></span> <span class='ocrx_word' id='word_1_160' title='bbox 758 1305 850 1340; x_wconf 86' lang='lat' dir='ltr'><strong>vidi.</strong></span> 
     </span>
    </p>
   </div>
   <div class='ocr_carea' id='block_1_8' title="bbox 235 1405 1962 2211">
    <p class='ocr_par' dir='ltr' id='par_1_10' title="bbox 237 1405 1934 1808">
     <span class='ocr_line' id='line_1_20' title="bbox 304 1405 1934 1462; baseline -0.003 -8"><span class='ocrx_word' id='word_1_161' title='bbox 304 1413 368 1454; x_wconf 81' lang='lat'><strong>10.</strong></span> <span class='ocrx_word' id='word_1_162' title='bbox 403 1411 459 1457; x_wconf 86' lang='lat' dir='ltr'><strong>Q.</strong></span> <span class='ocrx_word' id='word_1_163' title='bbox 491 1409 680 1454; x_wconf 84' lang='lat' dir='ltr'><strong>Suber</strong></span> <span class='ocrx_word' id='word_1_164' title='bbox 716 1407 784 1462; x_wconf 82' lang='lat' dir='ltr'><strong>(L.</strong></span> <span class='ocrx_word' id='word_1_165' title='bbox 828 1406 900 1461; x_wconf 88' lang='lat' dir='ltr'><strong>Sp.</strong></span> <span class='ocrx_word' id='word_1_166' title='bbox 944 1406 1073 1460; x_wconf 67' lang='lat'>1413)</span> <span class='ocrx_word' id='word_1_167' title='bbox 1112 1407 1309 1458; x_wconf 86' lang='lat' dir='ltr'><strong>arborea,</strong></span> <span class='ocrx_word' id='word_1_168' title='bbox 1347 1406 1505 1449; x_wconf 90' lang='lat' dir='ltr'><strong>cortice</strong></span> <span class='ocrx_word' id='word_1_169' title='bbox 1547 1406 1775 1457; x_wconf 85' lang='lat' dir='ltr'><strong>suberoso,</strong></span> <span class='ocrx_word' id='word_1_170' title='bbox 1819 1405 1934 1449; x_wconf 85' lang='lat' dir='ltr'><strong>toliis</strong></span> 
     </span>
     <span class='ocr_line' id='line_1_21' title="bbox 239 1465 1934 1526; baseline -0.004 -12"><span class='ocrx_word' id='word_1_171' title='bbox 239 1470 578 1526; x_wconf 85' lang='lat' dir='ltr'><strong>persistentibus</strong></span> <span class='ocrx_word' id='word_1_172' title='bbox 633 1465 1054 1522; x_wconf 86' lang='lat' dir='ltr'><strong>sempervirentibus</strong></span> <span class='ocrx_word' id='word_1_173' title='bbox 1112 1465 1317 1508; x_wconf 82' lang='lat' dir='ltr'><strong>coriaceis</strong></span> <span class='ocrx_word' id='word_1_174' title='bbox 1376 1477 1510 1519; x_wconf 84' lang='lat' dir='ltr'><strong>supra</strong></span> <span class='ocrx_word' id='word_1_175' title='bbox 1565 1465 1729 1518; x_wconf 82' lang='lat' dir='ltr'><strong>glabris</strong></span> <span class='ocrx_word' id='word_1_176' title='bbox 1774 1465 1934 1507; x_wconf 88' lang='lat' dir='ltr'><strong>subtus</strong></span> 
     </span>
     <span class='ocr_line' id='line_1_22' title="bbox 239 1523 1929 1578; baseline -0.004 -5"><span class='ocrx_word' id='word_1_177' title='bbox 239 1527 621 1573; x_wconf 81' lang='lat' dir='ltr'><strong>tomentoso-canis</strong></span> <span class='ocrx_word' id='word_1_178' title='bbox 656 1526 847 1568; x_wconf 85' lang='lat' dir='ltr'><strong>breviter</strong></span> <span class='ocrx_word' id='word_1_179' title='bbox 888 1524 1101 1578; x_wconf 85' lang='lat' dir='ltr'><strong>petiolatis</strong></span> <span class='ocrx_word' id='word_1_180' title='bbox 1135 1524 1272 1567; x_wconf 87' lang='lat' dir='ltr'><strong>ovatis</strong></span> <span class='ocrx_word' id='word_1_181' title='bbox 1311 1524 1378 1567; x_wconf 86' lang='lat' dir='ltr'><strong>vel</strong></span> <span class='ocrx_word' id='word_1_182' title='bbox 1411 1523 1607 1578; x_wconf 85' lang='lat' dir='ltr'><strong>oblongis</strong></span> <span class='ocrx_word' id='word_1_183' title='bbox 1642 1524 1777 1567; x_wconf 86' lang='lat' dir='ltr'><strong>acutis</strong></span> <span class='ocrx_word' id='word_1_184' title='bbox 1805 1527 1929 1567; x_wconf 88' lang='lat' dir='ltr'><strong>acute</strong></span> 
     </span>
     <span class='ocr_line' id='line_1_23' title="bbox 239 1582 1934 1643; baseline -0.004 -12"><span class='ocrx_word' id='word_1_185' title='bbox 239 1588 555 1643; x_wconf 87' lang='lat' dir='ltr'><strong>paucidentatis</strong></span> <span class='ocrx_word' id='word_1_186' title='bbox 598 1586 742 1628; x_wconf 85' lang='lat' dir='ltr'><strong>rarius</strong></span> <span class='ocrx_word' id='word_1_187' title='bbox 782 1583 979 1636; x_wconf 83' lang='lat' dir='ltr'><strong>integris,</strong></span> <span class='ocrx_word' id='word_1_188' title='bbox 1018 1583 1209 1625; x_wconf 77' lang='lat' dir='ltr'><strong>antlieris</strong></span> <span class='ocrx_word' id='word_1_189' title='bbox 1254 1582 1439 1631; x_wconf 86' lang='lat' dir='ltr'><strong>muticis,</strong></span> <span class='ocrx_word' id='word_1_190' title='bbox 1477 1583 1691 1626; x_wconf 84' lang='lat' dir='ltr'><strong>fructibus</strong></span> <span class='ocrx_word' id='word_1_191' title='bbox 1725 1582 1934 1625; x_wconf 80' lang='lat' dir='ltr'><strong>solitariis</strong></span> 
     </span>
     <span class='ocr_line' id='line_1_24' title="bbox 239 1641 1933 1699; baseline -0.004 -10"><span class='ocrx_word' id='word_1_192' title='bbox 239 1648 305 1689; x_wconf 88' lang='lat' dir='ltr'><strong>vel</strong></span> <span class='ocrx_word' id='word_1_193' title='bbox 345 1647 458 1689; x_wconf 89' lang='lat' dir='ltr'><strong>binis</strong></span> <span class='ocrx_word' id='word_1_194' title='bbox 503 1644 759 1699; x_wconf 86' lang='lat' dir='ltr'><strong>pedunculis</strong></span> <span class='ocrx_word' id='word_1_195' title='bbox 810 1642 1014 1685; x_wconf 88' lang='lat' dir='ltr'><strong>brevibus</strong></span> <span class='ocrx_word' id='word_1_196' title='bbox 1057 1642 1215 1684; x_wconf 82' lang='lat' dir='ltr'><strong>crassis</strong></span> <span class='ocrx_word' id='word_1_197' title='bbox 1256 1641 1471 1692; x_wconf 84' lang='lat' dir='ltr'><strong>suffultis,</strong></span> <span class='ocrx_word' id='word_1_198' title='bbox 1524 1642 1693 1696; x_wconf 83' lang='lat' dir='ltr'><strong>cupulae</strong></span> <span class='ocrx_word' id='word_1_199' title='bbox 1736 1641 1933 1696; x_wconf 84' lang='lat' dir='ltr'><strong>squamis</strong></span> 
     </span>
     <span class='ocr_line' id='line_1_25' title="bbox 238 1700 1931 1754; baseline -0.004 -6"><span class='ocrx_word' id='word_1_200' title='bbox 238 1704 500 1749; x_wconf 87' lang='lat' dir='ltr'><strong>tomentellis</strong></span> <span class='ocrx_word' id='word_1_201' title='bbox 547 1702 827 1745; x_wconf 84' lang='lat' dir='ltr'><strong>inferioribus</strong></span> <span class='ocrx_word' id='word_1_202' title='bbox 867 1701 1073 1743; x_wconf 88' lang='lat' dir='ltr'><strong>brevibus</strong></span> <span class='ocrx_word' id='word_1_203' title='bbox 1114 1700 1338 1753; x_wconf 85' lang='lat' dir='ltr'><strong>adpressis</strong></span> <span class='ocrx_word' id='word_1_204' title='bbox 1375 1701 1678 1754; x_wconf 88' lang='lat' dir='ltr'><strong>superioribus</strong></span> <span class='ocrx_word' id='word_1_205' title='bbox 1719 1700 1931 1754; x_wconf 86' lang='lat' dir='ltr'><strong>elongatis</strong></span> 
     </span>
     <span class='ocr_line' id='line_1_26' title="bbox 237 1759 1572 1808; baseline -0.004 -1"><span class='ocrx_word' id='word_1_206' title='bbox 237 1764 374 1808; x_wconf 82' lang='lat' dir='ltr'><strong>acutis</strong></span> <span class='ocrx_word' id='word_1_207' title='bbox 400 1762 556 1806; x_wconf 87' lang='lat' dir='ltr'><strong>erectis</strong></span> <span class='ocrx_word' id='word_1_208' title='bbox 584 1760 834 1803; x_wconf 82' lang='lat' dir='ltr'><strong>laxiusculis</strong></span> <span class='ocrx_word' id='word_1_209' title='bbox 862 1766 897 1808; x_wconf 71' lang='lat'><strong>5.</strong></span> <span class='ocrx_word' id='word_1_210' title='bbox 927 1759 982 1801; x_wconf 93' lang='lat' dir='ltr'><strong>Ic.</strong></span> <span class='ocrx_word' id='word_1_211' title='bbox 1004 1759 1136 1801; x_wconf 83' lang='lat' dir='ltr'><strong>Rchb.</strong></span> <span class='ocrx_word' id='word_1_212' title='bbox 1163 1759 1307 1801; x_wconf 87' lang='lat' dir='ltr'><strong>Germ.</strong></span> <span class='ocrx_word' id='word_1_213' title='bbox 1332 1759 1417 1801; x_wconf 87' lang='lat' dir='ltr'><strong>tab.</strong></span> <span class='ocrx_word' id='word_1_214' title='bbox 1450 1761 1572 1802; x_wconf 73' lang='lat'><strong>1306.</strong></span> 
     </span>
    </p>

    <p class='ocr_par' dir='ltr' id='par_1_11' title="bbox 235 1831 1962 2211">
     <span class='ocr_line' id='line_1_27' title="bbox 284 1831 1932 1878; baseline -0.002 -6.038"><span class='ocrx_word' id='word_1_215' title='bbox 284 1837 384 1872; x_wconf 83' lang='lat' dir='ltr'><strong>Hab</strong></span> <span class='ocrx_word' id='word_1_216' title='bbox 405 1837 445 1871; x_wconf 93' lang='lat' dir='ltr'><strong>in</strong></span> <span class='ocrx_word' id='word_1_217' title='bbox 462 1836 613 1871; x_wconf 68' lang='lat' dir='ltr'><strong>Graecia</strong></span> <span class='ocrx_word' id='word_1_218' title='bbox 635 1844 724 1869; x_wconf 82' lang='lat' dir='ltr'><strong>raro</strong></span> <span class='ocrx_word' id='word_1_219' title='bbox 748 1834 815 1878; x_wconf 85' lang='lat' dir='ltr'><strong>(ex</strong></span> <span class='ocrx_word' id='word_1_220' title='bbox 842 1833 993 1878; x_wconf 71' lang='lat' dir='ltr'><strong>Fraus),</strong></span> <span class='ocrx_word' id='word_1_221' title='bbox 1022 1833 1063 1868; x_wconf 90' lang='lat' dir='ltr'><strong>in</strong></span> <span class='ocrx_word' id='word_1_222' title='bbox 1091 1832 1262 1868; x_wconf 70' lang='lat' dir='ltr'><strong>Albania</strong></span> <span class='ocrx_word' id='word_1_223' title='bbox 1284 1832 1486 1878; x_wconf 83' lang='lat' dir='ltr'><strong>(Griseb.).</strong></span> <span class='ocrx_word' id='word_1_224' title='bbox 1518 1832 1550 1868; x_wconf 90' lang='lat' dir='ltr'>E</span> <span class='ocrx_word' id='word_1_225' title='bbox 1577 1832 1726 1868; x_wconf 88' lang='lat' dir='ltr'><strong>ditione</strong></span> <span class='ocrx_word' id='word_1_226' title='bbox 1753 1831 1932 1868; x_wconf 87' lang='lat' dir='ltr'><strong>nondum</strong></span> 
     </span>
     <span class='ocr_line' id='line_1_28' title="bbox 236 1884 1932 1986; baseline -0.003 -10"><span class='ocrx_word' id='word_1_227' title='bbox 236 1884 440 1986; x_wconf 41' lang='lat' dir='ltr'><strong>Vl(gt-&gt;ecies</strong></span> <span class='ocrx_word' id='word_1_228' title='bbox 471 1938 522 1974; x_wconf 84' lang='lat' dir='ltr'><strong>ab</strong></span> <span class='ocrx_word' id='word_1_229' title='bbox 549 1938 777 1973; x_wconf 84' lang='lat' dir='ltr'><strong>auctoribus</strong></span> <span class='ocrx_word' id='word_1_230' title='bbox 809 1935 1014 1971; x_wconf 89' lang='lat' dir='ltr'><strong>nonnullis</strong></span> <span class='ocrx_word' id='word_1_231' title='bbox 1046 1946 1133 1971; x_wconf 90' lang='lat' dir='ltr'><strong>cum</strong></span> <span class='ocrx_word' id='word_1_232' title='bbox 1160 1935 1204 1975; x_wconf 77' lang='lat' dir='ltr'><strong>Q.</strong></span> <span class='ocrx_word' id='word_1_233' title='bbox 1227 1934 1321 1971; x_wconf 75' lang='lat' dir='ltr'><strong>Ilz&#39;ce</strong></span> <span class='ocrx_word' id='word_1_234' title='bbox 1349 1935 1513 1971; x_wconf 83' lang='lat' dir='ltr'><strong>confusa</strong></span> <span class='ocrx_word' id='word_1_235' title='bbox 1540 1935 1609 1971; x_wconf 90' lang='lat' dir='ltr'><strong>sed</strong></span> <span class='ocrx_word' id='word_1_236' title='bbox 1639 1935 1932 1971; x_wconf 80' lang='lat' dir='ltr'><strong>characteribus</strong></span> 
     </span>
     <span class='ocr_line' id='line_1_29' title="bbox 235 1982 1962 2032; baseline -0.004 -9"><span class='ocrx_word' id='word_1_237' title='bbox 235 1985 416 2022; x_wconf 86' lang='lat' dir='ltr'><strong>indicatis</strong></span> <span class='ocrx_word' id='word_1_238' title='bbox 441 1986 562 2032; x_wconf 88' lang='lat' dir='ltr'><strong>probe</strong></span> <span class='ocrx_word' id='word_1_239' title='bbox 583 1985 778 2019; x_wconf 81' lang='lat' dir='ltr'><strong>distincta.</strong></span> <span class='ocrx_word' id='word_1_240' title='bbox 806 1984 864 2018; x_wconf 85' lang='lat' dir='ltr'><strong>Ex</strong></span> <span class='ocrx_word' id='word_1_241' title='bbox 886 1983 932 2018; x_wconf 87' lang='lat' dir='ltr'><strong>cl.</strong></span> <span class='ocrx_word' id='word_1_242' title='bbox 953 1983 1115 2018; x_wconf 77' lang='lat' dir='ltr'><strong>Oersted</strong></span> <span class='ocrx_word' id='word_1_243' title='bbox 1142 1983 1181 2018; x_wconf 92' lang='lat' dir='ltr'><strong>in</strong></span> <span class='ocrx_word' id='word_1_244' title='bbox 1212 1982 1361 2018; x_wconf 87' lang='lat' dir='ltr'><strong>Liebm.</strong></span> <span class='ocrx_word' id='word_1_245' title='bbox 1380 1982 1530 2018; x_wconf 81' lang='lat' dir='ltr'><strong>Chenes</strong></span> <span class='ocrx_word' id='word_1_246' title='bbox 1552 1982 1803 2028; x_wconf 74' lang='lat' dir='ltr'><strong>d&#39;Amerique</strong></span> <span class='ocrx_word' id='word_1_247' title='bbox 1823 1993 1857 2029; x_wconf 88' lang='lat' dir='ltr'><strong>p.</strong></span> <span class='ocrx_word' id='word_1_248' title='bbox 1885 1982 1932 2017; x_wconf 87' lang='lat'><strong>15</strong></span> <span class='ocrx_word' id='word_1_249' title='bbox 1960 1991 1962 1993; x_wconf 73' lang='grc'>’</span> 
     </span>
     <span class='ocr_line' id='line_1_30' title="bbox 236 2028 1935 2077; baseline -0.004 -7"><span class='ocrx_word' id='word_1_250' title='bbox 236 2036 276 2070; x_wconf 84' lang='lat' dir='ltr'><strong>et</strong></span> <span class='ocrx_word' id='word_1_251' title='bbox 292 2034 341 2070; x_wconf 89' lang='grc'><strong>18</strong></span> <span class='ocrx_word' id='word_1_252' title='bbox 357 2035 396 2077; x_wconf 83' lang='lat' dir='ltr'><strong>Q.</strong></span> <span class='ocrx_word' id='word_1_253' title='bbox 418 2032 540 2069; x_wconf 82' lang='lat' dir='ltr'><strong>Suber</strong></span> <span class='ocrx_word' id='word_1_254' title='bbox 559 2032 672 2077; x_wconf 86' lang='lat' dir='ltr'><strong>stylis</strong></span> <span class='ocrx_word' id='word_1_255' title='bbox 690 2031 910 2066; x_wconf 84' lang='lat' dir='ltr'><strong>linearibus</strong></span> <span class='ocrx_word' id='word_1_256' title='bbox 930 2030 1122 2075; x_wconf 80' lang='lat' dir='ltr'><strong>elongatis</strong></span> <span class='ocrx_word' id='word_1_257' title='bbox 1144 2041 1166 2065; x_wconf 86' lang='lat' dir='ltr'><strong>a</strong></span> <span class='ocrx_word' id='word_1_258' title='bbox 1184 2028 1227 2068; x_wconf 79' lang='lat' dir='ltr'><strong>Q.</strong></span> <span class='ocrx_word' id='word_1_259' title='bbox 1246 2028 1338 2065; x_wconf 74' lang='lat' dir='ltr'><strong>llice</strong></span> <span class='ocrx_word' id='word_1_260' title='bbox 1355 2029 1469 2075; x_wconf 78' lang='lat' dir='ltr'><strong>stylis</strong></span> <span class='ocrx_word' id='word_1_261' title='bbox 1490 2029 1680 2065; x_wconf 87' lang='lat' dir='ltr'><strong>brevibus</strong></span> <span class='ocrx_word' id='word_1_262' title='bbox 1711 2029 1935 2075; x_wconf 78' lang='lat' dir='ltr'><strong>explanatis</strong></span> 
     </span>
     <span class='ocr_line' id='line_1_31' title="bbox 235 2077 1932 2123; baseline -0.003 -7"><span class='ocrx_word' id='word_1_263' title='bbox 235 2079 381 2116; x_wconf 78' lang='lat' dir='ltr'><strong>donato</strong></span> <span class='ocrx_word' id='word_1_264' title='bbox 401 2080 529 2115; x_wconf 81' lang='lat' dir='ltr'><strong>differt</strong></span> <span class='ocrx_word' id='word_1_265' title='bbox 546 2082 584 2114; x_wconf 90' lang='lat' dir='ltr'><strong>et</strong></span> <span class='ocrx_word' id='word_1_266' title='bbox 602 2080 640 2114; x_wconf 89' lang='lat' dir='ltr'><strong>in</strong></span> <span class='ocrx_word' id='word_1_267' title='bbox 661 2078 741 2113; x_wconf 58' lang='lat' dir='ltr'><strong>ali-„t</strong></span> <span class='ocrx_word' id='word_1_268' title='bbox 760 2078 934 2113; x_wconf 79' lang='lat' dir='ltr'><strong>sectione</strong></span> <span class='ocrx_word' id='word_1_269' title='bbox 952 2077 1104 2123; x_wconf 87' lang='lat' dir='ltr'><strong>militat,</strong></span> <span class='ocrx_word' id='word_1_270' title='bbox 1123 2087 1194 2123; x_wconf 85' lang='lat' dir='ltr'><strong>ego</strong></span> <span class='ocrx_word' id='word_1_271' title='bbox 1214 2078 1342 2112; x_wconf 82' lang='lat' dir='ltr'><strong>tamen</strong></span> <span class='ocrx_word' id='word_1_272' title='bbox 1362 2078 1402 2112; x_wconf 89' lang='lat' dir='ltr'><strong>in</strong></span> <span class='ocrx_word' id='word_1_273' title='bbox 1423 2077 1707 2122; x_wconf 86' lang='lat' dir='ltr'><strong>speciminibus</strong></span> <span class='ocrx_word' id='word_1_274' title='bbox 1727 2077 1932 2112; x_wconf 81' lang='lat' dir='ltr'><strong>exsiccatis</strong></span> 
     </span>
     <span class='ocr_line' id='line_1_32' title="bbox 235 2123 1932 2211; baseline -0.003 -48"><span class='ocrx_word' id='word_1_275' title='bbox 235 2127 409 2163; x_wconf 83' lang='lat' dir='ltr'><strong>herbarii</strong></span> <span class='ocrx_word' id='word_1_276' title='bbox 429 2130 465 2162; x_wconf 89' lang='lat' dir='ltr'><strong>et</strong></span> <span class='ocrx_word' id='word_1_277' title='bbox 486 2127 528 2161; x_wconf 89' lang='lat' dir='ltr'><strong>in</strong></span> <span class='ocrx_word' id='word_1_278' title='bbox 547 2125 705 2161; x_wconf 79' lang='lat' dir='ltr'><strong>iconum</strong></span> <span class='ocrx_word' id='word_1_279' title='bbox 737 2124 965 2211; x_wconf 48' lang='lat' dir='ltr'><strong>{maggibus</strong></span> <span class='ocrx_word' id='word_1_280' title='bbox 994 2124 1034 2158; x_wconf 87' lang='lat' dir='ltr'><strong>in</strong></span> <span class='ocrx_word' id='word_1_281' title='bbox 1064 2127 1233 2170; x_wconf 77' lang='lat' dir='ltr'><strong>utraque</strong></span> <span class='ocrx_word' id='word_1_282' title='bbox 1261 2124 1392 2169; x_wconf 84' lang='lat' dir='ltr'><strong>specie</strong></span> <span class='ocrx_word' id='word_1_283' title='bbox 1421 2123 1547 2170; x_wconf 82' lang='lat' dir='ltr'><strong>stylos</strong></span> <span class='ocrx_word' id='word_1_284' title='bbox 1577 2124 1713 2159; x_wconf 86' lang='lat' dir='ltr'><strong>breves</strong></span> <span class='ocrx_word' id='word_1_285' title='bbox 1741 2124 1932 2170; x_wconf 85' lang='lat' dir='ltr'><strong>apiceque</strong></span> 
     </span>
    </p>
   </div>
   <div class='ocr_carea' id='block_1_9' title="bbox 234 2169 1931 2266">
    <p class='ocr_par' dir='ltr' id='par_1_12' title="bbox 234 2169 1931 2266">
     <span class='ocr_line' id='line_1_33' title="bbox 236 2169 1931 2217; baseline -0.002 -8"><span class='ocrx_word' id='word_1_286' title='bbox 236 2183 422 2210; x_wconf 82' lang='lat' dir='ltr'><strong>recurvos</strong></span> <span class='ocrx_word' id='word_1_287' title='bbox 444 2176 480 2209; x_wconf 88' lang='lat' dir='ltr'><strong>et</strong></span> <span class='ocrx_word' id='word_1_288' title='bbox 499 2173 684 2209; x_wconf 83' lang='lat' dir='ltr'><strong>dilatatos</strong></span> <span class='ocrx_word' id='word_1_289' title='bbox 703 2172 796 2208; x_wconf 87' lang='lat' dir='ltr'><strong>vidi.</strong></span> <span class='ocrx_word' id='word_1_290' title='bbox 851 2199 858 2207; x_wconf 93' lang='lat'><strong>.</strong></span> <span class='ocrx_word' id='word_1_291' title='bbox 874 2170 999 2208; x_wconf 81' lang='lat' dir='ltr'><strong>Suber</strong></span> <span class='ocrx_word' id='word_1_292' title='bbox 1016 2171 1091 2217; x_wconf 86' lang='lat' dir='ltr'><strong>Ky.</strong></span> <span class='ocrx_word' id='word_1_293' title='bbox 1110 2171 1217 2206; x_wconf 87' lang='lat' dir='ltr'><strong>Eieh.</strong></span> <span class='ocrx_word' id='word_1_294' title='bbox 1241 2172 1265 2206; x_wconf 88' lang='lat' dir='ltr'><strong>t.</strong></span> <span class='ocrx_word' id='word_1_295' title='bbox 1283 2170 1332 2207; x_wconf 84' lang='lat'><strong>33</strong></span> <span class='ocrx_word' id='word_1_296' title='bbox 1349 2181 1396 2206; x_wconf 83' lang='lat' dir='ltr'><strong>ex</strong></span> <span class='ocrx_word' id='word_1_297' title='bbox 1415 2170 1461 2207; x_wconf 90' lang='lat' dir='ltr'><strong>cl.</strong></span> <span class='ocrx_word' id='word_1_298' title='bbox 1475 2170 1593 2217; x_wconf 87' lang='lat' dir='ltr'><strong>Alph.</strong></span> <span class='ocrx_word' id='word_1_299' title='bbox 1610 2181 1683 2207; x_wconf 77' lang='lat' dir='ltr'><strong>Dc.</strong></span> <span class='ocrx_word' id='word_1_300' title='bbox 1702 2174 1759 2206; x_wconf 88' lang='lat' dir='ltr'><strong>est</strong></span> <span class='ocrx_word' id='word_1_301' title='bbox 1774 2169 1816 2210; x_wconf 82' lang='lat' dir='ltr'><strong>Q.</strong></span> <span class='ocrx_word' id='word_1_302' title='bbox 1834 2171 1931 2207; x_wconf 77' lang='lat' dir='ltr'><strong>occi-</strong></span> 
     </span>
     <span class='ocr_line' id='line_1_34' title="bbox 234 2220 579 2266; baseline -0.009 -8"><span class='ocrx_word' id='word_1_303' title='bbox 234 2220 405 2258; x_wconf 78' lang='lat' dir='ltr'><strong>dentalis</strong></span> <span class='ocrx_word' id='word_1_304' title='bbox 427 2220 459 2256; x_wconf 85' lang='lat' dir='ltr'><strong>J.</strong></span> <span class='ocrx_word' id='word_1_305' title='bbox 478 2220 579 2266; x_wconf 82' lang='lat' dir='ltr'><strong>Gay.</strong></span> 
     </span>
    </p>
   </div>
   <div class='ocr_carea' id='block_1_10' title="bbox 279 2280 1934 2330">
    <p class='ocr_par' dir='ltr' id='par_1_13' title="bbox 279 2280 1934 2330">
     <span class='ocr_line' id='line_1_35' title="bbox 279 2280 1934 2330; baseline -0.002 -10"><span class='ocrx_word' id='word_1_306' title='bbox 279 2285 343 2320; x_wconf 84' lang='lat' dir='ltr'><strong>Ar.</strong></span> <span class='ocrx_word' id='word_1_307' title='bbox 363 2285 495 2330; x_wconf 71' lang='lat' dir='ltr'><strong>Geoqr.</strong></span> <span class='ocrx_word' id='word_1_308' title='bbox 522 2283 624 2319; x_wconf 83' lang='lat' dir='ltr'><strong>Hab.</strong></span> <span class='ocrx_word' id='word_1_309' title='bbox 642 2283 681 2318; x_wconf 91' lang='lat' dir='ltr'><strong>in</strong></span> <span class='ocrx_word' id='word_1_310' title='bbox 703 2282 860 2328; x_wconf 84' lang='lat' dir='ltr'><strong>regione</strong></span> <span class='ocrx_word' id='word_1_311' title='bbox 879 2280 1163 2317; x_wconf 70' lang='lat' dir='ltr'><strong>mediterranea</strong></span> <span class='ocrx_word' id='word_1_312' title='bbox 1189 2280 1309 2316; x_wconf 88' lang='lat' dir='ltr'><strong>totius</strong></span> <span class='ocrx_word' id='word_1_313' title='bbox 1327 2280 1495 2327; x_wconf 83' lang='lat' dir='ltr'><strong>Europae</strong></span> <span class='ocrx_word' id='word_1_314' title='bbox 1525 2282 1563 2316; x_wconf 89' lang='lat' dir='ltr'><strong>et</strong></span> <span class='ocrx_word' id='word_1_315' title='bbox 1587 2281 1730 2317; x_wconf 84' lang='lat' dir='ltr'><strong>Africae</strong></span> <span class='ocrx_word' id='word_1_316' title='bbox 1749 2280 1934 2318; x_wconf 82' lang='lat' dir='ltr'><strong>borealis.</strong></span> 
     </span>
    </p>
   </div>
   <div class='ocr_carea' id='block_1_11' title="bbox 905 2421 1252 2475">
    <p class='ocr_par' dir='ltr' id='par_1_14' title="bbox 905 2421 1252 2475">
     <span class='ocr_line' id='line_1_36' title="bbox 905 2421 1252 2475; baseline -0.003 -11"><span class='ocrx_word' id='word_1_317' title='bbox 905 2424 930 2475; x_wconf 67' lang='grc' dir='ltr'>ξ</span> <span class='ocrx_word' id='word_1_318' title='bbox 964 2422 1004 2466; x_wconf 73' lang='lat'><strong>2.</strong></span> <span class='ocrx_word' id='word_1_319' title='bbox 1040 2421 1252 2465; x_wconf 81' lang='lat' dir='ltr'><strong>Cerris.</strong></span> 
     </span>
    </p>
   </div>
   <div class='ocr_carea' id='block_1_12' title="bbox 824 2530 1343 2576">
    <p class='ocr_par' dir='ltr' id='par_1_15' title="bbox 824 2530 1343 2576">
     <span class='ocr_line' id='line_1_37' title="bbox 824 2530 1343 2576; baseline -0.004 -9"><span class='ocrx_word' id='word_1_320' title='bbox 824 2532 835 2544; x_wconf 71' lang='lat'><em>⁶</em></span> <span class='ocrx_word' id='word_1_321' title='bbox 862 2530 978 2567; x_wconf 85' lang='lat' dir='ltr'><strong>Folia</strong></span> <span class='ocrx_word' id='word_1_322' title='bbox 1003 2530 1343 2576; x_wconf 82' lang='lat' dir='ltr'><strong>sempervirentia.</strong></span> 
     </span>
    </p>
   </div>
   <div class='ocr_carea' id='block_1_13' title="bbox 206 2611 1932 3023">
    <p class='ocr_par' dir='ltr' id='par_1_16' title="bbox 206 2611 1932 3023">
     <span class='ocr_line' id='line_1_38' title="bbox 295 2611 1931 2670; baseline 0.002 -15"><span class='ocrx_word' id='word_1_323' title='bbox 295 2613 363 2656; x_wconf 75' lang='lat' dir='ltr'><strong>tt.</strong></span> <span class='ocrx_word' id='word_1_324' title='bbox 399 2615 455 2659; x_wconf 84' lang='lat' dir='ltr'><strong>Q.</strong></span> <span class='ocrx_word' id='word_1_325' title='bbox 482 2614 750 2658; x_wconf 74' lang='lat' dir='ltr'><strong>alnifolia</strong></span> <span class='ocrx_word' id='word_1_326' title='bbox 776 2614 938 2670; x_wconf 84' lang='lat' dir='ltr'><strong>(Poech</strong></span> <span class='ocrx_word' id='word_1_327' title='bbox 970 2613 1124 2656; x_wconf 88' lang='lat' dir='ltr'><strong>Enum.</strong></span> <span class='ocrx_word' id='word_1_328' title='bbox 1151 2611 1278 2667; x_wconf 88' lang='lat' dir='ltr'><strong>Cypr.</strong></span> <span class='ocrx_word' id='word_1_329' title='bbox 1308 2627 1349 2668; x_wconf 92' lang='lat' dir='ltr'><strong>p.</strong></span> <span class='ocrx_word' id='word_1_330' title='bbox 1382 2614 1452 2667; x_wconf 71' lang='lat'><strong>12)</strong></span> <span class='ocrx_word' id='word_1_331' title='bbox 1478 2612 1682 2658; x_wconf 78' lang='lat' dir='ltr'><strong>fruticosa</strong></span> <span class='ocrx_word' id='word_1_332' title='bbox 1707 2614 1931 2658; x_wconf 86' lang='lat' dir='ltr'><strong>interdum</strong></span> 
     </span>
     <span class='ocr_line' id='line_1_39' title="bbox 206 2671 1932 2728; baseline 0 -12"><span class='ocrx_word' id='word_1_333' title='bbox 206 2680 207 2683; x_wconf 76' lang='grc'>’</span> <span class='ocrx_word' id='word_1_334' title='bbox 236 2673 533 2725; x_wconf 82' lang='lat' dir='ltr'><strong>arborescenS‚</strong></span> <span class='ocrx_word' id='word_1_335' title='bbox 556 2673 667 2716; x_wconf 88' lang='lat' dir='ltr'><strong>foliis</strong></span> <span class='ocrx_word' id='word_1_336' title='bbox 690 2673 886 2716; x_wconf 87' lang='lat' dir='ltr'><strong>breviter</strong></span> <span class='ocrx_word' id='word_1_337' title='bbox 909 2671 1123 2727; x_wconf 89' lang='lat' dir='ltr'><strong>petiolatis</strong></span> <span class='ocrx_word' id='word_1_338' title='bbox 1148 2673 1353 2717; x_wconf 83' lang='lat' dir='ltr'><strong>coriaceis</strong></span> <span class='ocrx_word' id='word_1_339' title='bbox 1377 2673 1714 2727; x_wconf 88' lang='lat' dir='ltr'><strong>persistentibus</strong></span> <span class='ocrx_word' id='word_1_340' title='bbox 1737 2685 1932 2728; x_wconf 85' lang='lat' dir='ltr'><strong>semper-</strong></span> 
     </span>
     <span class='ocr_line' id='line_1_40' title="bbox 237 2731 1931 2786; baseline 0.002 -13"><span class='ocrx_word' id='word_1_341' title='bbox 237 2731 480 2775; x_wconf 85' lang='lat' dir='ltr'><strong>virentibus</strong></span> <span class='ocrx_word' id='word_1_342' title='bbox 512 2744 645 2786; x_wconf 86' lang='lat' dir='ltr'><strong>supra</strong></span> <span class='ocrx_word' id='word_1_343' title='bbox 680 2733 842 2786; x_wconf 86' lang='lat' dir='ltr'><strong>glabris</strong></span> <span class='ocrx_word' id='word_1_344' title='bbox 879 2731 1035 2775; x_wconf 89' lang='lat' dir='ltr'><strong>subtus</strong></span> <span class='ocrx_word' id='word_1_345' title='bbox 1072 2731 1185 2785; x_wconf 89' lang='lat' dir='ltr'><strong>pube</strong></span> <span class='ocrx_word' id='word_1_346' title='bbox 1215 2731 1384 2775; x_wconf 78' lang='lat' dir='ltr'><strong>stellata</strong></span> <span class='ocrx_word' id='word_1_347' title='bbox 1417 2732 1752 2786; x_wconf 87' lang='lat' dir='ltr'><strong>adpressissime</strong></span> <span class='ocrx_word' id='word_1_348' title='bbox 1791 2733 1931 2776; x_wconf 85' lang='lat' dir='ltr'><strong>fulvo-</strong></span> 
     </span>
     <span class='ocr_line' id='line_1_41' title="bbox 237 2790 1931 2835; baseline 0.001 -3"><span class='ocrx_word' id='word_1_349' title='bbox 237 2792 490 2834; x_wconf 87' lang='lat' dir='ltr'><strong>tomentosis</strong></span> <span class='ocrx_word' id='word_1_350' title='bbox 525 2805 548 2833; x_wconf 91' lang='lat' dir='ltr'><strong>a</strong></span> <span class='ocrx_word' id='word_1_351' title='bbox 589 2790 676 2835; x_wconf 88' lang='lat' dir='ltr'><strong>basi</strong></span> <span class='ocrx_word' id='word_1_352' title='bbox 719 2792 949 2834; x_wconf 72' lang='lat' dir='ltr'><strong>rotundata</strong></span> <span class='ocrx_word' id='word_1_353' title='bbox 986 2791 1053 2832; x_wconf 89' lang='lat' dir='ltr'><strong>vel</strong></span> <span class='ocrx_word' id='word_1_354' title='bbox 1089 2790 1350 2833; x_wconf 74' lang='lat' dir='ltr'><strong>subcordata</strong></span> <span class='ocrx_word' id='word_1_355' title='bbox 1390 2791 1528 2834; x_wconf 86' lang='lat' dir='ltr'><strong>ovatis</strong></span> <span class='ocrx_word' id='word_1_356' title='bbox 1565 2792 1635 2835; x_wconf 86' lang='lat' dir='ltr'><strong>vel</strong></span> <span class='ocrx_word' id='word_1_357' title='bbox 1675 2791 1931 2835; x_wconf 87' lang='lat' dir='ltr'><strong>orbiculatis</strong></span> 
     </span>
     <span class='ocr_line' id='line_1_42' title="bbox 237 2848 1931 2905; baseline 0 -14"><span class='ocrx_word' id='word_1_358' title='bbox 237 2848 404 2893; x_wconf 88' lang='lat' dir='ltr'><strong>obtusis</strong></span> <span class='ocrx_word' id='word_1_359' title='bbox 421 2851 484 2892; x_wconf 90' lang='lat' dir='ltr'><strong>vel</strong></span> <span class='ocrx_word' id='word_1_360' title='bbox 509 2850 789 2894; x_wconf 87' lang='lat' dir='ltr'><strong>acutiusculis</strong></span> <span class='ocrx_word' id='word_1_361' title='bbox 808 2850 989 2903; x_wconf 84' lang='lat' dir='ltr'><strong>integris</strong></span> <span class='ocrx_word' id='word_1_362' title='bbox 1008 2849 1076 2892; x_wconf 90' lang='lat' dir='ltr'><strong>vel</strong></span> <span class='ocrx_word' id='word_1_363' title='bbox 1097 2863 1118 2891; x_wconf 87' lang='lat' dir='ltr'><strong>a</strong></span> <span class='ocrx_word' id='word_1_364' title='bbox 1137 2849 1277 2891; x_wconf 90' lang='lat' dir='ltr'><strong>medio</strong></span> <span class='ocrx_word' id='word_1_365' title='bbox 1298 2861 1475 2892; x_wconf 88' lang='lat' dir='ltr'><strong>sursum</strong></span> <span class='ocrx_word' id='word_1_366' title='bbox 1493 2861 1621 2905; x_wconf 89' lang='lat' dir='ltr'><strong>parce</strong></span> <span class='ocrx_word' id='word_1_367' title='bbox 1637 2850 1931 2903; x_wconf 79' lang='lat' dir='ltr'><strong>denticulatis,</strong></span> 
     </span>
     <span class='ocr_line' id='line_1_43' title="bbox 237 2908 1928 2963; baseline 0.002 -14"><span class='ocrx_word' id='word_1_368' title='bbox 237 2909 386 2951; x_wconf 89' lang='lat' dir='ltr'><strong>nervis</strong></span> <span class='ocrx_word' id='word_1_369' title='bbox 410 2920 600 2963; x_wconf 88' lang='lat' dir='ltr'><strong>superne</strong></span> <span class='ocrx_word' id='word_1_370' title='bbox 621 2909 849 2963; x_wconf 90' lang='lat' dir='ltr'><strong>impressis</strong></span> <span class='ocrx_word' id='word_1_371' title='bbox 872 2910 1028 2952; x_wconf 89' lang='lat' dir='ltr'><strong>subtus</strong></span> <span class='ocrx_word' id='word_1_372' title='bbox 1054 2908 1179 2951; x_wconf 86' lang='lat' dir='ltr'><strong>valde</strong></span> <span class='ocrx_word' id='word_1_373' title='bbox 1202 2909 1565 2962; x_wconf 86' lang='lat' dir='ltr'><strong>prominentibus,</strong></span> <span class='ocrx_word' id='word_1_374' title='bbox 1603 2910 1788 2952; x_wconf 86' lang='lat' dir='ltr'><strong>amentis</strong></span> <span class='ocrx_word' id='word_1_375' title='bbox 1815 2921 1928 2952; x_wconf 89' lang='lat' dir='ltr'><strong>mas·</strong></span> 
     </span>
     <span class='ocr_line' id='line_1_44' title="bbox 236 2967 1928 3023; baseline 0.002 -15"><span class='ocrx_word' id='word_1_376' title='bbox 236 2967 346 3009; x_wconf 89' lang='lat' dir='ltr'><strong>culis</strong></span> <span class='ocrx_word' id='word_1_377' title='bbox 373 2967 579 3011; x_wconf 88' lang='lat' dir='ltr'><strong>brevibus</strong></span> <span class='ocrx_word' id='word_1_378' title='bbox 606 2967 784 3023; x_wconf 84' lang='lat' dir='ltr'><strong>villosis,</strong></span> <span class='ocrx_word' id='word_1_379' title='bbox 807 2968 1000 3011; x_wconf 88' lang='lat' dir='ltr'><strong>antheris</strong></span> <span class='ocrx_word' id='word_1_380' title='bbox 1022 2967 1186 3023; x_wconf 88' lang='lat' dir='ltr'><strong>pilosis,</strong></span> <span class='ocrx_word' id='word_1_381' title='bbox 1211 2967 1424 3011; x_wconf 85' lang='lat' dir='ltr'><strong>fructibus</strong></span> <span class='ocrx_word' id='word_1_382' title='bbox 1447 2968 1651 3012; x_wconf 85' lang='lat' dir='ltr'><strong>solitariis</strong></span> <span class='ocrx_word' id='word_1_383' title='bbox 1671 2969 1739 3012; x_wconf 90' lang='lat' dir='ltr'><strong>vel</strong></span> <span class='ocrx_word' id='word_1_384' title='bbox 1762 2969 1928 3011; x_wconf 69' lang='lat' dir='ltr'><strong>2-3·nis</strong></span> 
     </span>
    </p>
   </div>
  </div>
 </body>
</html>
