2080 3241
131 209 327 248 Prz’mula.
841 217 1124 243 PRIMULACEAE.
1788 211 1835 247 29

193 294 257 335 15.
291 291 349 334 P.
376 289 598 334 luteola
626 289 785 344 (Rupr.
810 290 887 332 loc.
911 291 979 330 cit.
1005 303 1042 343 p.
1071 289 1176 344 298)
1204 291 1349 343 glabra
1370 291 1536 341 viridis,
1556 292 1668 334 soliis
1689 294 1831 346 planis

129 352 310 397 laevibus
333 349 675 393 membranaceis
701 349 838 403 longis
863 349 1321 403 lanceolato-ellipticis
1348 350 1515 394 ohlusis
1543 351 1708 395 minute
1728 351 1832 393 den—

130 411 314 456 ticulatis
339 409 380 451 in
405 408 613 463 petiolum
637 409 802 452 sensim
823 408 1071 459 attenuatis,
1094 420 1222 462 scapo
1242 409 1432 451 florifero
1459 411 1570 452 elato
1597 422 1693 453 cum
1717 411 1830 463 caly-

129 471 249 514 cibus
276 469 394 523 apice
417 468 488 511 diu
519 466 1081 521 pulverulento-farinaeeo,
1115 468 1303 510 umbella
1334 469 1585 512 inultissora.
1610 470 1831 523 perlicellis

128 529 269 583 calyce
310 528 475 582 ⁹2-4-pl'o
510 527 794 581 longioribus,
832 526 1045 568 involucri
1088 526 1248 580 phyllis
1293 528 1540 570 lanceolatis
1584 529 1674 571 basi
1719 529 1831 570 ultra

126 588 409 632 insertionem
433 586 758 640 subproductis‚
784 585 942 639 calycis
965 585 1069 628 tubo
1097 586 1269 628 corollae
1294 587 1425 640 duplo
1453 588 1667 629 brevioris
1692 588 1744 630 ad
1770 586 1826 641 ’βυ

126 648 273 703 partiti
299 646 463 689 laciniis
490 644 738 688 lanceolatis
765 644 1061 694 acutiusculis‚
1085 645 1257 687 corollae
1281 645 1440 699 pallide
1465 646 1713 701 sulphurea*
1739 647 1834 688 laci-

127 707 213 750 niis
238 705 483 749 obcordatis
511 704 615 747 tubo
639 704 771 758 duplo
796 703 1077 746 brevioribus
1114 710 1172 751 26.

174 789 275 825 Hah.
298 788 347 824 ad
366 788 491 823 fontes
510 789 546 823 et
565 789 676 833 prata
701 786 861 823 madida
882 786 1018 869 alpina
1036 786 1201 823 Caucasi
1220 788 1260 822 in
1280 787 1388 822 distr.
1411 787 1549 830 Alaair
1569 790 1606 823 et
1624 787 1833 824 Tuschetia

127 835 357 873 eoois-900&
376 835 548 881 (Ruprl).
568 834 609 869 V.
632 845 663 870 s.
685 845 741 881 sp.
760 836 798 870 et
820 845 856 871 v.
878 844 924 869 cu
944 836 967 869 t.

175 908 286 945 Folia
319 908 592 955 ¹lad-pedalia,
625 918 767 955 scapus
795 907 948 955 pedalis
968 910 1005 943 et
1023 907 1171 943 elatior.
1203 908 1358 954 Species
1389 907 1682 944 characteribus
1703 909 1831 945 affinis

128 956 173 992 P.
194 956 428 992 aecrz'culatre
444 958 554 1002 aqua
572 957 713 1002 praeter
735 955 875 990 florum
895 954 1065 991 colorem
1084 955 1214 991 differt
1234 955 1435 1001 perlicellis
1461 955 1666 1002 elongatis,
1685 957 1830 1003 calycis

129 1007 166 1040 et
185 1004 352 1048 corollae,
372 1004 458 1039 tubi
479 1006 516 1039 et
535 1002 648 1038 limbi
666 1002 847 1039 corollini
866 1003 1117 1050 proportione
1138 1003 1304 1038 diversa.

189 1150 255 1191 16.
289 1147 346 1191 Ρ.
374 1146 578 1205 algida
606 1148 790 1203 (Adams
824 1147 865 1189 in
898 1147 1022 1189 Web.
1056 1151 1097 1190 et
1126 1147 1249 1190 Mohr
1275 1148 1410 1190 Beitr.
1441 1148 1473 1201 l,
1506 1161 1546 1202 p.
1575 1148 1651 1202 46)
1689 1148 1829 1191 albido

126 1213 167 1252 et
192 1210 349 1263 saepius
378 1207 702 1251 ssavo-farinosa
738 1207 883 1250 rarius
917 1207 1091 1249 omnino
1121 1207 1351 1258 denudata,
1381 1207 1491 1249 foliis
1531 1207 1830 1261 oblongo-spa-

127 1268 305 1311 thulatis
332 1266 500 1309 obtusis
523 1268 566 1309 in
593 1266 796 1320 petiolum
814 1267 994 1308 brevem
1019 1278 1135 1320 saepe
1155 1267 1389 1310 obscurum
1412 1267 1646 1309 attenuatis
1665 1267 1830 1310 minute

126 1332 170 1370 et
193 1330 315 1370 acute
340 1326 615 1369 denticulatis
639 1338 754 1380 saepe
780 1325 1063 1378 subserratiS‚
1089 1337 1218 1380 scapo
1245 1326 1343 1368 folia
1371 1329 1621 1380 superante,
1644 1325 1830 1380 pedicel-

126 1387 182 1430 lis
210 1386 350 1440 calyce
388 1386 550 1440 saepius
586 1385 864 1428 brevioribus
891 1385 1036 1428 rarius
1071 1385 1327 1439 aequilcngis
1355 1385 1421 1427 vel
1457 1384 1828 1439 sublongioribus‚

125 1445 342 1489 involucri
366 1445 526 1500 phyllis
542 1445 790 1488 lanceolatis
808 1444 1064 1487 acuminatis
1078 1443 1173 1487 basi
1193 1444 1473 1495 subsaccatis‚
1486 1445 1643 1497 calycis
1661 1444 1831 1487 corolla*¹

125 1505 229 1548 tubo
257 1505 487 1559 aequilongi
515 1504 583 1547 vel
612 1503 915 1547 subbrevioris
941 1503 993 1545 ad
1020 1503 1211 1546 medium
1239 1503 1332 1546 fissi
1356 1503 1558 1546 dentibus
1584 1503 1720 1557 nigris
1745 1502 1828 1544 lan-

127 1564 301 1607 ceolatis
337 1563 663 1616 obtusiusculis‚
695 1564 868 1606 corollae
902 1563 1074 1606 intense
1101 1563 1452 1606 roseo-violaceae
1479 1562 1646 1605 laciniis
1682 1561 1830 1605 obcor-

126 1623 238 1666 datis
265 1623 369 1666 tubo
394 1622 772 1676 sublffevioribus‚
798 1623 975 1678 capsula
999 1621 1441 1677 oblongo-cylindrica
1469 1621 1655 1675 calycem
1675 1634 1827 1675 parum

126 1687 377 1736 superante,
401 1682 642 1725 seminibus
661 1681 1004 1736 ovato-oblongis
1024 1682 1172 1735 parvis
1191 1681 1476 1724 tuberculatis
1514 1686 1573 1728 26.
1604 1681 1657 1724 Ie.
1683 1680 1827 1722 Lehm.

127 1742 259 1784 Prim.
283 1742 369 1784 tab.
401 1743 438 1784 7.
467 1766 524 1772 —
550 1741 598 1783 P.
620 1740 834 1793 farine-sa
861 1741 971 1784 ΜΒ.
998 1741 1130 1783 Taur.
1159 1740 1289 1784 Cauc.
1322 1766 1374 1771 --
1403 1738 1502 1782 GA.
1531 1739 1638 1794 Mey.
1670 1740 1822 1781 Enum.

124 1813 210 1844 non
236 1801 280 1843 L.
302 1826 356 1832 -
380 1801 426 1843 P.
455 1800 690 1844 Caucasica
714 1799 756 1843 C.
783 1801 900 1844 Koch
925 1801 1049 1842 Linn.
1073 1800 1210 1849 XVII,
1229 1813 1273 1854 p.
1302 1801 1400 1843 308.
1421 1825 1474 1830 —
1501 1799 1551 1841 P.
1578 1798 1828 1841 auriculam

124 1860 156 1914 β
179 1859 367 1902 Sibe-tea
394 1860 497 1903 Led.
525 1860 586 1902 Fl.
614 1859 739 1903 Ross.
764 1862 804 1913 3,
830 1873 869 1915 p.
903 1862 969 1903 12.
995 1884 1046 1890 —-
1076 1860 1125 1902 P.
1149 1860 1389 1913 Bimyecma
1416 1857 1513 1901 (ΞΑ.
1541 1858 1648 1912 Mey.

172 1942 273 1978 Hah.
290 1943 329 1978 in
347 1943 468 1989 pratis
488 1942 664 1978 humidis
680 1942 824 1988 alpinis
842 1943 1040 1980 Armeniae
1059 1943 1234 1979 Turcieae
1256 1942 1397 1987 (Auch.
1415 1941 1556 1986 52332).
1574 1941 1688 1976 Ponti
1705 1940 1828 1975 Lazici

126 1989 228 2034 (Bal.
257 2000 335 2025 exs.
362 1990 448 2026 sub.
480 1989 782 2037 Psarinosdl),
813 1991 980 2027 Caucasi
1009 1991 1195 2026 centralis
1224 1989 1477 2026 cheu-1000&
1501 1988 1671 2032 (C.A.M.,
1703 1987 1829 2033 Rupr!

122 2037 293 2083 Rehnm,
312 2048 422 2085 prov.
439 2037 863 2084 Schuragel,Armenia
882 2038 1044 2075 Rossica
1064 2041 1100 2074 et
1118 2037 1331 2083 Karabagh
1350 2036 1516 2081 (Szovl).

173 2110 295 2147 Valde
314 2111 442 2147 affinis
460 2111 507 2147 Ρ.
525 2113 718 2158 farz'nosce
746 2122 817 2159 pro
842 2114 952 2159 euJ'us
986 2112 1111 2148 forma
1137 2122 1241 2158 saepe
1267 2111 1400 2147 habita
1434 2111 1505 2146 fuit
1536 2113 1572 2145 et
1599 2109 1729 2145 forsan
1749 2118 1827 2143 non

127 2158 334 2194 immerito.
352 2158 396 2194 P.
411 2159 596 2205 farz‘nosa
626 2159 753 2195 differt
771 2158 876 2196 foliis
896 2160 1034 2196 obtuse
1061 2161 1241 2203 erenatis,
1261 2159 1392 2204 calyce
1412 2169 1489 2194 non
1509 2157 1684 2193 colorato
1706 2156 1827 2192 denti-

125 2204 200 2241 hus
220 2207 345 2242 ovatis
365 2205 646 2242 obtusissimis.

172 2271 234 2307 Ar.
256 2270 387 2317 Geoqr.
413 2270 557 2307 Sibiria
574 2272 745 2308 Altaica.

188 2407 254 2448 Π.
288 2407 345 2450 Ρ.
377 2406 703 2452 farinifolia
739 2407 895 2464 (Rupr.
933 2407 1066 2451 Prim.
1103 2409 1180 2451 loc.
1210 2409 1278 2450 cit.
1308 2422 1347 2463 p.
1377 2407 1482 2462 303)
1518 2406 1630 2450 foliis
1670 2405 1825 2448 subtus

124 2464 440 2509 albo-sarinosis
479 2467 644 2511 teneris
684 2471 809 2511 ovato
848 2468 918 2510 vel
957 2467 1425 2523 oblongo-spathulatis
1467 2466 1635 2509 obtusis
1675 2467 1827 2518 argute

124 2525 306 2567 serratis
335 2526 376 2568 in
403 2526 608 2579 petiolum
642 2527 704 2570 eis
729 2527 966 2581 longiorem
990 2529 1242 2578 attenuatis,
1270 2528 1410 2581 scapis
1437 2527 1565 2568 etiam
1594 2523 1828 2567 fructiferis

126 2583 240 2626 foliis
268 2585 545 2628 brevioribus
572 2586 641 2628 vel
665 2599 714 2629 ea
740 2586 1031 2641 aequantibus,
1059 2586 1282 2641 pedicellis
1307 2584 1574 2639 longissimis
1607 2582 1828 2636 ina¹quali=

125 2641 223 2693 bus,
253 2643 464 2686 involucri
502 2645 660 2699 phyllis
690 2639 930 2688 linearibus
965 2647 1103 2689 acutis
1139 2646 1232 2687 basi
1269 2657 1350 2687 nou
1394 2645 1574 2687 saccatis
1608 2641 1828 2697 perlicellis

124 2701 290 2754 pluries
318 2703 610 2756 brevioribus,
634 2705 792 2759 calycis
816 2705 933 2748 ultra
955 2705 1147 2748 medium
1172 2705 1264 2747 fissi
1293 2704 1458 2746 laciniis
1482 2703 1634 2750 acutis,
1658 2701 1827 2743 corolla*

126 2771 264 2803 roseae
290 2762 393 2804 tubo
415 2762 558 2816 calyce
586 2763 804 2818 subduplo
829 2764 1021 2818 longiore
1045 2763 1164 2806 limbi
1189 2764 1353 2806 laciniis
1378 2764 1480 2806 tubo
1507 2762 1637 2816 duplo
1661 2760 1826 2802 brevio-

124 2819 264 2871 ribus,
285 2822 461 2875 capsula
486 2822 671 2876 calycem
701 2835 786 2866 non
811 2826 1048 2878 superante
1087 2830 1146 2872 3⁴.

173 2901 272 2937 Hab.
286 2903 325 2938 in
343 2904 488 2951 cryptis
501 2905 671 2942 madidis
690 2906 890 2942 umbrosis
903 2906 1060 2954 rupium
1073 2906 1113 2941 in
1133 2907 1293 2952 regione
1312 2905 1504 2950 sylvatica
1519 2904 1681 2939 Caucasi
1694 2903 1826 2937 Orien-

125 2947 217 2983 talis
236 2950 398 2986 sitarum
417 2952 647 2989 :360026600'
669 2954 708 2989 in
729 2954 971 2999 Chewsuria‚
989 2953 1257 2999 Daghestauia
1277 2954 1310 2988 et
1327 2952 1473 2988 ditione
1489 2951 1630 2987 'l'indal
1647 2953 1680 2985 et
1701 2950 1826 2995 Rogo>-

125 2994 296 3042 (Ruprl).
318 2998 401 3033 Vid.
423 3010 518 3045 spec.
540 3000 746 3036 fructifera.
