<?xml version="1.0" encoding="UTF-8"?>
<!DOCTYPE html PUBLIC "-//W3C//DTD XHTML 1.0 Transitional//EN"
    "http://www.w3.org/TR/xhtml1/DTD/xhtml1-transitional.dtd">
<html xmlns="http://www.w3.org/1999/xhtml" xml:lang="en" lang="en">
 <head>
  <title>
</title>
<meta http-equiv="Content-Type" content="text/html;charset=utf-8" />
  <meta name='ocr-system' content='tesseract 3.04.00' />
  <meta name='ocr-capabilities' content='ocr_page ocr_carea ocr_par ocr_line ocrx_word'/>
</head>
<body>
  <div class='ocr_page' id='page_1' title='image "./floraorientaliss04bois_0712.png"; bbox 0 0 2100 3262; ppageno 0'>
   <div class='ocr_carea' id='block_1_1' title="bbox 262 211 1966 256">
    <p class='ocr_par' dir='ltr' id='par_1_1' title="bbox 262 211 1966 256">
     <span class='ocr_line' id='line_1_1' title="bbox 262 211 1966 256; baseline -0.004 -1"><span class='ocrx_word' id='word_1_1' title='bbox 262 218 334 256; x_wconf 83' lang='lat'>&#39;704</span> <span class='ocrx_word' id='word_1_2' title='bbox 1010 219 1206 249; x_wconf 69' lang='lat' dir='ltr'><strong>LAB1ATAE.</strong></span> <span class='ocrx_word' id='word_1_3' title='bbox 1697 211 1966 250; x_wconf 68' lang='lat' dir='ltr'>Marrubium-</span> 
     </span>
    </p>
   </div>
   <div class='ocr_carea' id='block_1_2' title="bbox 264 294 1969 764">
    <p class='ocr_par' dir='ltr' id='par_1_2' title="bbox 264 294 1969 764">
     <span class='ocr_line' id='line_1_2' title="bbox 265 294 1966 352; baseline -0.006 -4"><span class='ocrx_word' id='word_1_4' title='bbox 265 302 350 348; x_wconf 87' lang='lat' dir='ltr'>bus</span> <span class='ocrx_word' id='word_1_5' title='bbox 373 299 502 345; x_wconf 84' lang='lat' dir='ltr'>elatis</span> <span class='ocrx_word' id='word_1_6' title='bbox 526 298 696 342; x_wconf 80' lang='lat' dir='ltr'>inferne</span> <span class='ocrx_word' id='word_1_7' title='bbox 720 297 930 352; x_wconf 82' lang='lat' dir='ltr'>adpresse</span> <span class='ocrx_word' id='word_1_8' title='bbox 955 296 1231 340; x_wconf 81' lang='lat' dir='ltr'>albo-lanatis</span> <span class='ocrx_word' id='word_1_9' title='bbox 1255 304 1447 348; x_wconf 83' lang='lat' dir='ltr'>superne</span> <span class='ocrx_word' id='word_1_10' title='bbox 1469 296 1672 339; x_wconf 84' lang='lat' dir='ltr'>stellatim</span> <span class='ocrx_word' id='word_1_11' title='bbox 1698 294 1966 351; x_wconf 85' lang='lat' dir='ltr'>tomentellis</span> 
     </span>
     <span class='ocr_line' id='line_1_3' title="bbox 266 353 1966 413; baseline -0.005 -8"><span class='ocrx_word' id='word_1_12' title='bbox 266 360 516 405; x_wconf 84' lang='lat' dir='ltr'>virentibus</span> <span class='ocrx_word' id='word_1_13' title='bbox 529 356 797 413; x_wconf 23' lang='lat' dir='ltr'>*paniculatis</span> <span class='ocrx_word' id='word_1_14' title='bbox 813 357 883 400; x_wconf 83' lang='lat' dir='ltr'>vel</span> <span class='ocrx_word' id='word_1_15' title='bbox 901 356 1049 399; x_wconf 88' lang='lat' dir='ltr'>rarius</span> <span class='ocrx_word' id='word_1_16' title='bbox 1063 353 1352 408; x_wconf 88' lang='lat' dir='ltr'>simplicibus.</span> <span class='ocrx_word' id='word_1_17' title='bbox 1370 354 1486 397; x_wconf 85' lang='lat' dir='ltr'>foliis</span> <span class='ocrx_word' id='word_1_18' title='bbox 1502 357 1651 409; x_wconf 85' lang='lat' dir='ltr'>parvis</span> <span class='ocrx_word' id='word_1_19' title='bbox 1665 355 1966 409; x_wconf 86' lang='lat' dir='ltr'>rugosissimis</span> 
     </span>
     <span class='ocr_line' id='line_1_4' title="bbox 265 412 1962 469; baseline -0.004 -4"><span class='ocrx_word' id='word_1_20' title='bbox 265 418 507 465; x_wconf 88' lang='lat' dir='ltr'>crenulatis</span> <span class='ocrx_word' id='word_1_21' title='bbox 533 416 738 459; x_wconf 88' lang='lat' dir='ltr'>stellatim</span> <span class='ocrx_word' id='word_1_22' title='bbox 770 428 904 469; x_wconf 87' lang='lat' dir='ltr'>supra</span> <span class='ocrx_word' id='word_1_23' title='bbox 934 413 1177 457; x_wconf 80' lang='lat' dir='ltr'>virentibus</span> <span class='ocrx_word' id='word_1_24' title='bbox 1214 412 1371 456; x_wconf 83' lang='lat' dir='ltr'><strong>subtus</strong></span> <span class='ocrx_word' id='word_1_25' title='bbox 1397 414 1780 457; x_wconf 83' lang='lat' dir='ltr'>cano-tomentosis</span> <span class='ocrx_word' id='word_1_26' title='bbox 1817 416 1962 458; x_wconf 79' lang='lat' dir='ltr'>ovato·</span> 
     </span>
     <span class='ocr_line' id='line_1_5' title="bbox 266 467 1968 527; baseline -0.005 -4"><span class='ocrx_word' id='word_1_27' title='bbox 266 477 478 526; x_wconf 81' lang='lat' dir='ltr'>cuneatis,</span> <span class='ocrx_word' id='word_1_28' title='bbox 510 474 736 518; x_wconf 86' lang='lat' dir='ltr'>floralibus</span> <span class='ocrx_word' id='word_1_29' title='bbox 762 474 943 517; x_wconf 85' lang='lat' dir='ltr'>deflexis</span> <span class='ocrx_word' id='word_1_30' title='bbox 971 472 1226 526; x_wconf 82' lang='lat' dir='ltr'>angustatis,</span> <span class='ocrx_word' id='word_1_31' title='bbox 1249 471 1568 516; x_wconf 82' lang='lat' dir='ltr'>verticillastris</span> <span class='ocrx_word' id='word_1_32' title='bbox 1601 474 1749 527; x_wconf 87' lang='lat' dir='ltr'>parvis</span> <span class='ocrx_word' id='word_1_33' title='bbox 1785 467 1968 527; x_wconf 64' lang='lat' dir='ltr'>spinatis</span> 
     </span>
     <span class='ocr_line' id='line_1_6' title="bbox 264 530 1962 586; baseline -0.005 -4"><span class='ocrx_word' id='word_1_34' title='bbox 264 535 551 586; x_wconf 83' lang='lat' dir='ltr'>inferioribus</span> <span class='ocrx_word' id='word_1_35' title='bbox 579 533 859 586; x_wconf 83' lang='lat' dir='ltr'>distantibus,</span> <span class='ocrx_word' id='word_1_36' title='bbox 885 531 1076 575; x_wconf 77' lang='lat' dir='ltr'>bracteis</span> <span class='ocrx_word' id='word_1_37' title='bbox 1098 531 1248 586; x_wconf 84' lang='lat' dir='ltr'>paucis</span> <span class='ocrx_word' id='word_1_38' title='bbox 1286 530 1560 575; x_wconf 84' lang='lat' dir='ltr'>brevissimis</span> <span class='ocrx_word' id='word_1_39' title='bbox 1602 531 1854 583; x_wconf 79' lang='lat' dir='ltr'>linearibus,</span> <span class='ocrx_word' id='word_1_40' title='bbox 1894 542 1962 574; x_wconf 90' lang='lat' dir='ltr'>ca·</span> 
     </span>
     <span class='ocr_line' id='line_1_7' title="bbox 267 589 1965 651; baseline -0.005 -11"><span class='ocrx_word' id='word_1_41' title='bbox 267 596 375 651; x_wconf 86' lang='lat' dir='ltr'>lycis</span> <span class='ocrx_word' id='word_1_42' title='bbox 403 593 607 638; x_wconf 83' lang='lat' dir='ltr'>stellatim</span> <span class='ocrx_word' id='word_1_43' title='bbox 642 593 876 636; x_wconf 82' lang='lat' dir='ltr'>tomentosi</span> <span class='ocrx_word' id='word_1_44' title='bbox 899 589 1102 634; x_wconf 77' lang='lat' dir='ltr'>dentibus</span> <span class='ocrx_word' id='word_1_45' title='bbox 1129 589 1339 633; x_wconf 79' lang='lat' dir='ltr'>subdeniS</span> <span class='ocrx_word' id='word_1_46' title='bbox 1367 590 1616 644; x_wconf 81' lang='lat' dir='ltr'>patentibus</span> <span class='ocrx_word' id='word_1_47' title='bbox 1639 591 1836 635; x_wconf 85' lang='lat' dir='ltr'>breviter</span> <span class='ocrx_word' id='word_1_48' title='bbox 1870 590 1965 643; x_wconf 67' lang='lat' dir='ltr'>lam-</span> 
     </span>
     <span class='ocr_line' id='line_1_8' title="bbox 267 648 1969 706; baseline -0.005 -7"><span class='ocrx_word' id='word_1_49' title='bbox 267 655 442 699; x_wconf 88' lang='lat' dir='ltr'>ceolatis</span> <span class='ocrx_word' id='word_1_50' title='bbox 469 652 643 695; x_wconf 85' lang='lat' dir='ltr'>muticis</span> <span class='ocrx_word' id='word_1_51' title='bbox 664 651 953 706; x_wconf 75' lang='lat' dir='ltr'>inaequalibus</span> <span class='ocrx_word' id='word_1_52' title='bbox 979 650 1140 704; x_wconf 82' lang='lat' dir='ltr'>saepius</span> <span class='ocrx_word' id='word_1_53' title='bbox 1164 649 1410 692; x_wconf 79' lang='lat' dir='ltr'>alternatim</span> <span class='ocrx_word' id='word_1_54' title='bbox 1433 649 1591 692; x_wconf 87' lang='lat' dir='ltr'>trifidis</span> <span class='ocrx_word' id='word_1_55' title='bbox 1616 649 1722 693; x_wconf 86' lang='lat' dir='ltr'>tubo</span> <span class='ocrx_word' id='word_1_56' title='bbox 1746 648 1969 703; x_wconf 78' lang='lat' dir='ltr'>subtriplo</span> 
     </span>
     <span class='ocr_line' id='line_1_9' title="bbox 267 707 1963 764; baseline -0.005 -7"><span class='ocrx_word' id='word_1_57' title='bbox 267 712 561 762; x_wconf 85' lang='lat' dir='ltr'>brevioribuS‚</span> <span class='ocrx_word' id='word_1_58' title='bbox 588 711 709 754; x_wconf 83' lang='lat' dir='ltr'>fauce</span> <span class='ocrx_word' id='word_1_59' title='bbox 731 710 869 764; x_wconf 82' lang='lat' dir='ltr'>gibbis</span> <span class='ocrx_word' id='word_1_60' title='bbox 901 710 953 751; x_wconf 82' lang='lat'>10</span> <span class='ocrx_word' id='word_1_61' title='bbox 982 709 1143 756; x_wconf 77' lang='lat' dir='ltr'>clausa,</span> <span class='ocrx_word' id='word_1_62' title='bbox 1169 707 1340 750; x_wconf 80' lang='lat' dir='ltr'>corollae</span> <span class='ocrx_word' id='word_1_63' title='bbox 1372 708 1485 751; x_wconf 84' lang='lat' dir='ltr'>albae</span> <span class='ocrx_word' id='word_1_64' title='bbox 1517 707 1652 751; x_wconf 87' lang='lat' dir='ltr'>limbo</span> <span class='ocrx_word' id='word_1_65' title='bbox 1683 708 1862 751; x_wconf 88' lang='lat' dir='ltr'>minimo</span> <span class='ocrx_word' id='word_1_66' title='bbox 1899 713 1963 756; x_wconf 68' lang='lat'>26.</span> 
     </span>
    </p>
   </div>
   <div class='ocr_carea' id='block_1_3' title="bbox 314 780 1695 830">
    <p class='ocr_par' dir='ltr' id='par_1_3' title="bbox 314 780 1695 830">
     <span class='ocr_line' id='line_1_10' title="bbox 314 780 1695 830; baseline -0.004 -7"><span class='ocrx_word' id='word_1_67' title='bbox 314 786 419 824; x_wconf 83' lang='lat' dir='ltr'>Hah.</span> <span class='ocrx_word' id='word_1_68' title='bbox 437 785 479 821; x_wconf 90' lang='lat' dir='ltr'>in</span> <span class='ocrx_word' id='word_1_69' title='bbox 499 784 692 821; x_wconf 85' lang='lat' dir='ltr'>ruderatis</span> <span class='ocrx_word' id='word_1_70' title='bbox 709 783 809 820; x_wconf 81' lang='lat' dir='ltr'>circa</span> <span class='ocrx_word' id='word_1_71' title='bbox 827 783 980 830; x_wconf 78' lang='lat' dir='ltr'>Aleppo</span> <span class='ocrx_word' id='word_1_72' title='bbox 1000 781 1126 827; x_wconf 79' lang='lat' dir='ltr'>Syriae</span> <span class='ocrx_word' id='word_1_73' title='bbox 1147 781 1292 828; x_wconf 85' lang='lat' dir='ltr'>(Russ.,</span> <span class='ocrx_word' id='word_1_74' title='bbox 1310 780 1433 817; x_wconf 87' lang='lat' dir='ltr'>Auch.</span> <span class='ocrx_word' id='word_1_75' title='bbox 1451 780 1563 819; x_wconf 68' lang='lat'>1785!</span> <span class='ocrx_word' id='word_1_76' title='bbox 1582 780 1646 828; x_wconf 82' lang='lat' dir='ltr'>Ky</span> <span class='ocrx_word' id='word_1_77' title='bbox 1658 784 1695 827; x_wconf 83' lang='lat' dir='ltr'>l).</span> 
     </span>
    </p>
   </div>
   <div class='ocr_carea' id='block_1_4' title="bbox 265 845 1968 955">
    <p class='ocr_par' dir='ltr' id='par_1_4' title="bbox 265 845 1968 955">
     <span class='ocr_line' id='line_1_11' title="bbox 327 845 1968 907; baseline -0.003 -13"><span class='ocrx_word' id='word_1_78' title='bbox 327 852 357 907; x_wconf 85' lang='grc' dir='ltr'><em>β</em></span> <span class='ocrx_word' id='word_1_79' title='bbox 406 849 700 904; x_wconf 76' lang='lat' dir='ltr'>spinulosmn.</span> <span class='ocrx_word' id='word_1_80' title='bbox 728 872 780 879; x_wconf 88' lang='lat'>—</span> <span class='ocrx_word' id='word_1_81' title='bbox 805 846 972 902; x_wconf 86' lang='lat' dir='ltr'>Calycis</span> <span class='ocrx_word' id='word_1_82' title='bbox 1007 846 1158 890; x_wconf 88' lang='lat' dir='ltr'>dentes</span> <span class='ocrx_word' id='word_1_83' title='bbox 1195 846 1499 900; x_wconf 79' lang='lat' dir='ltr'>sublongiores</span> <span class='ocrx_word' id='word_1_84' title='bbox 1537 847 1583 888; x_wconf 89' lang='lat' dir='ltr'>in</span> <span class='ocrx_word' id='word_1_85' title='bbox 1618 846 1836 901; x_wconf 78' lang='lat' dir='ltr'>spinulam</span> <span class='ocrx_word' id='word_1_86' title='bbox 1870 845 1968 889; x_wconf 89' lang='lat' dir='ltr'>bre-</span> 
     </span>
     <span class='ocr_line' id='line_1_12' title="bbox 265 903 1967 955; baseline -0.004 -2"><span class='ocrx_word' id='word_1_87' title='bbox 265 923 367 955; x_wconf 81' lang='lat' dir='ltr'>vem</span> <span class='ocrx_word' id='word_1_88' title='bbox 393 909 616 953; x_wconf 86' lang='lat' dir='ltr'>interdum</span> <span class='ocrx_word' id='word_1_89' title='bbox 640 907 972 951; x_wconf 82' lang='lat' dir='ltr'>subuncinatam</span> <span class='ocrx_word' id='word_1_90' title='bbox 997 907 1222 949; x_wconf 86' lang='lat' dir='ltr'>abeuntes.</span> <span class='ocrx_word' id='word_1_91' title='bbox 1242 905 1366 947; x_wconf 81' lang='lat' dir='ltr'>-M.</span> <span class='ocrx_word' id='word_1_92' title='bbox 1390 903 1616 947; x_wconf 76' lang='lat' dir='ltr'>radiatum</span> <span class='ocrx_word' id='word_1_93' title='bbox 1636 905 1777 949; x_wconf 86' lang='lat' dir='ltr'>Delile</span> <span class='ocrx_word' id='word_1_94' title='bbox 1799 904 1844 947; x_wconf 88' lang='lat' dir='ltr'>in</span> <span class='ocrx_word' id='word_1_95' title='bbox 1869 904 1967 947; x_wconf 87' lang='lat' dir='ltr'>Btb.</span> 
     </span>
    </p>
   </div>
   <div class='ocr_carea' id='block_1_5' title="bbox 266 966 572 1025">
    <p class='ocr_par' dir='ltr' id='par_1_5' title="bbox 266 966 572 1025">
     <span class='ocr_line' id='line_1_13' title="bbox 266 966 572 1025; baseline -0.023 -11"><span class='ocrx_word' id='word_1_96' title='bbox 266 971 371 1014; x_wconf 85' lang='lat' dir='ltr'>Lab.</span> <span class='ocrx_word' id='word_1_97' title='bbox 399 982 441 1025; x_wconf 90' lang='lat' dir='ltr'>p.</span> <span class='ocrx_word' id='word_1_98' title='bbox 470 966 572 1010; x_wconf 75' lang='lat'><strong>571.</strong></span> 
     </span>
    </p>
   </div>
   <div class='ocr_carea' id='block_1_6' title="bbox 268 1037 1974 1182">
    <p class='ocr_par' dir='ltr' id='par_1_6' title="bbox 268 1037 1974 1182">
     <span class='ocr_line' id='line_1_14' title="bbox 314 1037 1974 1085; baseline -0.005 -4"><span class='ocrx_word' id='word_1_99' title='bbox 314 1044 416 1081; x_wconf 83' lang='lat' dir='ltr'>Hah.</span> <span class='ocrx_word' id='word_1_100' title='bbox 446 1043 487 1079; x_wconf 89' lang='lat' dir='ltr'>in</span> <span class='ocrx_word' id='word_1_101' title='bbox 513 1042 634 1085; x_wconf 79' lang='lat' dir='ltr'>siccis,</span> <span class='ocrx_word' id='word_1_102' title='bbox 661 1039 836 1076; x_wconf 80' lang='lat' dir='ltr'>Libanus</span> <span class='ocrx_word' id='word_1_103' title='bbox 855 1038 1030 1084; x_wconf 84' lang='lat' dir='ltr'>(Labilll</span> <span class='ocrx_word' id='word_1_104' title='bbox 1053 1037 1149 1084; x_wconf 83' lang='lat'>1311),</span> <span class='ocrx_word' id='word_1_105' title='bbox 1175 1047 1291 1074; x_wconf 85' lang='lat' dir='ltr'>mons</span> <span class='ocrx_word' id='word_1_106' title='bbox 1317 1037 1494 1076; x_wconf 83' lang='lat' dir='ltr'>Hermon</span> <span class='ocrx_word' id='word_1_107' title='bbox 1520 1037 1751 1076; x_wconf 83' lang='lat'>5500·-6000&#39;</span> <span class='ocrx_word' id='word_1_108' title='bbox 1771 1037 1974 1083; x_wconf 72' lang='lat' dir='ltr'>(Ky.167r</span> 
     </span>
     <span class='ocr_line' id='line_1_15' title="bbox 269 1084 1974 1133; baseline -0.005 -5"><span class='ocrx_word' id='word_1_109' title='bbox 269 1092 345 1128; x_wconf 85' lang='lat' dir='ltr'>sub</span> <span class='ocrx_word' id='word_1_110' title='bbox 370 1091 425 1128; x_wconf 82' lang='lat' dir='ltr'>M.</span> <span class='ocrx_word' id='word_1_111' title='bbox 454 1088 713 1133; x_wconf 76' lang='lat' dir='ltr'>erassidente]</span> <span class='ocrx_word' id='word_1_112' title='bbox 742 1087 843 1123; x_wconf 86' lang='lat' dir='ltr'>inter</span> <span class='ocrx_word' id='word_1_113' title='bbox 870 1086 1148 1123; x_wconf 80' lang='lat' dir='ltr'>Antilibanum</span> <span class='ocrx_word' id='word_1_114' title='bbox 1178 1086 1217 1121; x_wconf 88' lang='lat' dir='ltr'>et</span> <span class='ocrx_word' id='word_1_115' title='bbox 1240 1085 1652 1130; x_wconf 58' lang='lat' dir='ltr'>Damascum2130issl</span> <span class='ocrx_word' id='word_1_116' title='bbox 1685 1084 1842 1131; x_wconf 74' lang='lat' dir='ltr'>Gaillt),</span> <span class='ocrx_word' id='word_1_117' title='bbox 1868 1085 1974 1120; x_wconf 84' lang='lat' dir='ltr'>inter</span> 
     </span>
     <span class='ocr_line' id='line_1_16' title="bbox 268 1131 1826 1182; baseline -0.006 -6"><span class='ocrx_word' id='word_1_118' title='bbox 268 1137 398 1175; x_wconf 79' lang='lat' dir='ltr'>Hama</span> <span class='ocrx_word' id='word_1_119' title='bbox 414 1139 450 1174; x_wconf 88' lang='lat' dir='ltr'>et</span> <span class='ocrx_word' id='word_1_120' title='bbox 465 1137 590 1173; x_wconf 89' lang='lat' dir='ltr'>Homs</span> <span class='ocrx_word' id='word_1_121' title='bbox 611 1135 715 1181; x_wconf 75' lang='grc' dir='ltr'>(ΒΗ)</span> <span class='ocrx_word' id='word_1_122' title='bbox 736 1136 778 1170; x_wconf 90' lang='lat' dir='ltr'>in</span> <span class='ocrx_word' id='word_1_123' title='bbox 804 1134 1089 1182; x_wconf 75' lang='lat' dir='ltr'>Mesopotamia</span> <span class='ocrx_word' id='word_1_124' title='bbox 1108 1134 1212 1175; x_wconf 84' lang='lat' dir='ltr'>circa</span> <span class='ocrx_word' id='word_1_125' title='bbox 1228 1132 1380 1169; x_wconf 84' lang='lat' dir='ltr'>Mossul</span> <span class='ocrx_word' id='word_1_126' title='bbox 1402 1132 1503 1178; x_wconf 82' lang='lat' dir='ltr'>(Noe&#39;</span> <span class='ocrx_word' id='word_1_127' title='bbox 1521 1132 1589 1169; x_wconf 71' lang='lat'>231</span> <span class='ocrx_word' id='word_1_128' title='bbox 1612 1131 1773 1169; x_wconf 83' lang='lat' dir='ltr'>Haussk</span> <span class='ocrx_word' id='word_1_129' title='bbox 1785 1134 1826 1178; x_wconf 88' lang='lat' dir='ltr'>l).</span> 
     </span>
    </p>
   </div>
   <div class='ocr_carea' id='block_1_7' title="bbox 269 1194 1973 1387">
    <p class='ocr_par' dir='ltr' id='par_1_7' title="bbox 269 1194 1973 1387">
     <span class='ocr_line' id='line_1_17' title="bbox 316 1194 1970 1248; baseline -0.004 -11"><span class='ocrx_word' id='word_1_130' title='bbox 316 1201 473 1248; x_wconf 88' lang='lat' dir='ltr'>Sesqui-</span> <span class='ocrx_word' id='word_1_131' title='bbox 492 1201 530 1235; x_wconf 87' lang='lat' dir='ltr'>et</span> <span class='ocrx_word' id='word_1_132' title='bbox 557 1198 751 1244; x_wconf 84' lang='lat' dir='ltr'>bipedale,</span> <span class='ocrx_word' id='word_1_133' title='bbox 783 1197 915 1233; x_wconf 81' lang='lat' dir='ltr'>caules</span> <span class='ocrx_word' id='word_1_134' title='bbox 946 1198 1002 1233; x_wconf 89' lang='lat' dir='ltr'>eis</span> <span class='ocrx_word' id='word_1_135' title='bbox 1031 1196 1085 1233; x_wconf 89' lang='lat' dir='ltr'>M.</span> <span class='ocrx_word' id='word_1_136' title='bbox 1111 1195 1290 1242; x_wconf 56' lang='lat' dir='ltr'>vulgaris</span> <span class='ocrx_word' id='word_1_137' title='bbox 1312 1196 1575 1243; x_wconf 15' lang='lat' dir='ltr'>tenuioreslet</span> <span class='ocrx_word' id='word_1_138' title='bbox 1603 1195 1756 1241; x_wconf 83' lang='lat' dir='ltr'>calyces</span> <span class='ocrx_word' id='word_1_139' title='bbox 1786 1194 1970 1231; x_wconf 80' lang='lat' dir='ltr'>minores.</span> 
     </span>
     <span class='ocr_line' id='line_1_18' title="bbox 269 1242 1971 1295; baseline -0.005 -9"><span class='ocrx_word' id='word_1_140' title='bbox 269 1249 305 1286; x_wconf 89' lang='lat' dir='ltr'>A</span> <span class='ocrx_word' id='word_1_141' title='bbox 321 1248 523 1295; x_wconf 88' lang='lat' dir='ltr'>speciebus</span> <span class='ocrx_word' id='word_1_142' title='bbox 541 1245 725 1282; x_wconf 88' lang='lat' dir='ltr'>affinibus</span> <span class='ocrx_word' id='word_1_143' title='bbox 744 1245 875 1291; x_wconf 84' lang='lat' dir='ltr'>gibbis</span> <span class='ocrx_word' id='word_1_144' title='bbox 893 1245 932 1280; x_wconf 90' lang='lat' dir='ltr'>in</span> <span class='ocrx_word' id='word_1_145' title='bbox 954 1245 1063 1280; x_wconf 70' lang='lat' dir='ltr'>fauce</span> <span class='ocrx_word' id='word_1_146' title='bbox 1080 1243 1224 1289; x_wconf 79' lang='lat' dir='ltr'>calycis</span> <span class='ocrx_word' id='word_1_147' title='bbox 1243 1243 1506 1289; x_wconf 75' lang='lat' dir='ltr'>distinguitur.</span> <span class='ocrx_word' id='word_1_148' title='bbox 1521 1242 1699 1279; x_wconf 85' lang='lat' dir='ltr'>Varietas</span> <span class='ocrx_word' id='word_1_149' title='bbox 1716 1245 1811 1289; x_wconf 83' lang='lat' dir='ltr'>typo</span> <span class='ocrx_word' id='word_1_150' title='bbox 1829 1242 1971 1287; x_wconf 76' lang='lat' dir='ltr'>vulga·</span> 
     </span>
     <span class='ocr_line' id='line_1_19' title="bbox 270 1290 1973 1338; baseline -0.005 -5"><span class='ocrx_word' id='word_1_151' title='bbox 270 1299 345 1333; x_wconf 87' lang='lat' dir='ltr'>tior</span> <span class='ocrx_word' id='word_1_152' title='bbox 375 1294 425 1331; x_wconf 84' lang='lat' dir='ltr'>ad</span> <span class='ocrx_word' id='word_1_153' title='bbox 456 1303 546 1330; x_wconf 91' lang='lat' dir='ltr'>eum</span> <span class='ocrx_word' id='word_1_154' title='bbox 579 1294 726 1328; x_wconf 87' lang='lat' dir='ltr'>sensim</span> <span class='ocrx_word' id='word_1_155' title='bbox 756 1293 903 1328; x_wconf 82' lang='lat' dir='ltr'>transit.</span> <span class='ocrx_word' id='word_1_156' title='bbox 939 1291 1051 1338; x_wconf 72' lang='lat' dir='ltr'>Saepe</span> <span class='ocrx_word' id='word_1_157' title='bbox 1078 1301 1167 1327; x_wconf 88' lang='lat' dir='ltr'>cum</span> <span class='ocrx_word' id='word_1_158' title='bbox 1197 1290 1253 1327; x_wconf 89' lang='lat' dir='ltr'>M.</span> <span class='ocrx_word' id='word_1_159' title='bbox 1280 1290 1523 1327; x_wconf 80' lang='lat' dir='ltr'>crassidente</span> <span class='ocrx_word' id='word_1_160' title='bbox 1545 1291 1833 1327; x_wconf 82' lang='lat' dir='ltr'>commutatum</span> <span class='ocrx_word' id='word_1_161' title='bbox 1859 1290 1973 1336; x_wconf 83' lang='lat' dir='ltr'>cujus</span> 
     </span>
     <span class='ocr_line' id='line_1_20' title="bbox 269 1337 1167 1387; baseline -0.009 -7"><span class='ocrx_word' id='word_1_162' title='bbox 269 1344 406 1380; x_wconf 82' lang='lat' dir='ltr'>dentes</span> <span class='ocrx_word' id='word_1_163' title='bbox 426 1341 626 1387; x_wconf 68' lang='lat' dir='ltr'>longiore,¹</span> <span class='ocrx_word' id='word_1_164' title='bbox 648 1341 741 1375; x_wconf 89' lang='lat' dir='ltr'>sunt</span> <span class='ocrx_word' id='word_1_165' title='bbox 755 1342 794 1375; x_wconf 88' lang='lat' dir='ltr'>et</span> <span class='ocrx_word' id='word_1_166' title='bbox 812 1348 1015 1386; x_wconf 83' lang='lat' dir='ltr'>nunquam</span> <span class='ocrx_word' id='word_1_167' title='bbox 1036 1337 1167 1374; x_wconf 85' lang='lat' dir='ltr'>trifidi.</span> 
     </span>
    </p>
   </div>
   <div class='ocr_carea' id='block_1_8' title="bbox 268 1438 1973 1905">
    <p class='ocr_par' dir='ltr' id='par_1_8' title="bbox 268 1438 1973 1905">
     <span class='ocr_line' id='line_1_21' title="bbox 330 1438 1973 1497; baseline -0.002 -12"><span class='ocrx_word' id='word_1_168' title='bbox 330 1444 400 1486; x_wconf 83' lang='lat'>30.</span> <span class='ocrx_word' id='word_1_169' title='bbox 432 1442 503 1485; x_wconf 89' lang='lat' dir='ltr'>M.</span> <span class='ocrx_word' id='word_1_170' title='bbox 535 1438 836 1497; x_wconf 83' lang='lat' dir='ltr'>polyodon</span> <span class='ocrx_word' id='word_1_171' title='bbox 870 1438 1028 1492; x_wconf 85' lang='lat' dir='ltr'>(Boiss.</span> <span class='ocrx_word' id='word_1_172' title='bbox 1053 1438 1208 1492; x_wconf 85' lang='lat' dir='ltr'>Diagn.</span> <span class='ocrx_word' id='word_1_173' title='bbox 1246 1438 1342 1481; x_wconf 84' lang='lat' dir='ltr'>Ser.</span> <span class='ocrx_word' id='word_1_174' title='bbox 1365 1438 1399 1490; x_wconf 90' lang='lat' dir='ltr'>l,</span> <span class='ocrx_word' id='word_1_175' title='bbox 1431 1439 1483 1481; x_wconf 75' lang='lat'>12</span> <span class='ocrx_word' id='word_1_176' title='bbox 1516 1451 1558 1493; x_wconf 88' lang='lat' dir='ltr'>p.</span> <span class='ocrx_word' id='word_1_177' title='bbox 1596 1439 1672 1494; x_wconf 81' lang='lat'>75)</span> <span class='ocrx_word' id='word_1_178' title='bbox 1711 1439 1973 1493; x_wconf 76' lang='lat' dir='ltr'>pluricaule‚</span> 
     </span>
     <span class='ocr_line' id='line_1_22' title="bbox 270 1497 1971 1554; baseline -0.004 -8"><span class='ocrx_word' id='word_1_179' title='bbox 270 1502 466 1546; x_wconf 85' lang='lat' dir='ltr'>caulibus</span> <span class='ocrx_word' id='word_1_180' title='bbox 506 1500 716 1552; x_wconf 83' lang='lat' dir='ltr'>elongatis</span> <span class='ocrx_word' id='word_1_181' title='bbox 754 1499 1026 1554; x_wconf 87' lang='lat' dir='ltr'>simplicibus</span> <span class='ocrx_word' id='word_1_182' title='bbox 1063 1497 1133 1541; x_wconf 84' lang='lat' dir='ltr'>vel</span> <span class='ocrx_word' id='word_1_183' title='bbox 1180 1509 1308 1552; x_wconf 84' lang='lat' dir='ltr'>parce</span> <span class='ocrx_word' id='word_1_184' title='bbox 1350 1497 1534 1542; x_wconf 85' lang='lat' dir='ltr'>ramosis</span> <span class='ocrx_word' id='word_1_185' title='bbox 1574 1497 1744 1542; x_wconf 86' lang='lat' dir='ltr'>inferne</span> <span class='ocrx_word' id='word_1_186' title='bbox 1787 1498 1971 1541; x_wconf 79' lang='lat' dir='ltr'>densius</span> 
     </span>
     <span class='ocr_line' id='line_1_23' title="bbox 271 1555 1972 1612; baseline -0.003 -7"><span class='ocrx_word' id='word_1_187' title='bbox 271 1559 563 1607; x_wconf 81' lang='lat' dir='ltr'>albo-lanatis,</span> <span class='ocrx_word' id='word_1_188' title='bbox 590 1558 702 1601; x_wconf 87' lang='lat' dir='ltr'>foliis</span> <span class='ocrx_word' id='word_1_189' title='bbox 727 1557 1053 1612; x_wconf 85' lang='lat' dir='ltr'>albo-pannosis</span> <span class='ocrx_word' id='word_1_190' title='bbox 1090 1557 1327 1600; x_wconf 85' lang='lat' dir='ltr'>crenulatis</span> <span class='ocrx_word' id='word_1_191' title='bbox 1352 1556 1755 1610; x_wconf 86' lang='lat' dir='ltr'>oblongo-cuneatis</span> <span class='ocrx_word' id='word_1_192' title='bbox 1792 1555 1972 1600; x_wconf 79' lang='lat' dir='ltr'>iuferio-</span> 
     </span>
     <span class='ocr_line' id='line_1_24' title="bbox 270 1615 1968 1672; baseline -0.002 -9"><span class='ocrx_word' id='word_1_193' title='bbox 270 1620 396 1663; x_wconf 85' lang='lat' dir='ltr'>ribus</span> <span class='ocrx_word' id='word_1_194' title='bbox 422 1619 617 1662; x_wconf 84' lang='lat' dir='ltr'>breviter</span> <span class='ocrx_word' id='word_1_195' title='bbox 641 1617 857 1672; x_wconf 82' lang='lat' dir='ltr'>petiolatis</span> <span class='ocrx_word' id='word_1_196' title='bbox 878 1616 1106 1659; x_wconf 87' lang='lat' dir='ltr'>floralibus</span> <span class='ocrx_word' id='word_1_197' title='bbox 1134 1615 1265 1659; x_wconf 87' lang='lat' dir='ltr'>flores</span> <span class='ocrx_word' id='word_1_198' title='bbox 1292 1616 1619 1670; x_wconf 80' lang='lat' dir='ltr'>superantibus,</span> <span class='ocrx_word' id='word_1_199' title='bbox 1643 1615 1968 1660; x_wconf 81' lang='lat' dir='ltr'>verticillastris</span> 
     </span>
     <span class='ocr_line' id='line_1_25' title="bbox 272 1674 1968 1730; baseline -0.002 -9"><span class='ocrx_word' id='word_1_200' title='bbox 272 1678 456 1728; x_wconf 79' lang='lat' dir='ltr'>dissitiS,</span> <span class='ocrx_word' id='word_1_201' title='bbox 504 1676 691 1719; x_wconf 79' lang='lat' dir='ltr'>bracteis</span> <span class='ocrx_word' id='word_1_202' title='bbox 738 1676 886 1730; x_wconf 85' lang='lat' dir='ltr'>paucis</span> <span class='ocrx_word' id='word_1_203' title='bbox 930 1675 1148 1718; x_wconf 88' lang='lat' dir='ltr'>subulatis</span> <span class='ocrx_word' id='word_1_204' title='bbox 1196 1674 1496 1726; x_wconf 83' lang='lat' dir='ltr'>brevissimis,</span> <span class='ocrx_word' id='word_1_205' title='bbox 1539 1674 1697 1729; x_wconf 82' lang='lat' dir='ltr'>calycis</span> <span class='ocrx_word' id='word_1_206' title='bbox 1736 1675 1968 1718; x_wconf 88' lang='lat' dir='ltr'>tomentosi</span> 
     </span>
     <span class='ocr_line' id='line_1_26' title="bbox 273 1733 1971 1787; baseline -0.001 -8"><span class='ocrx_word' id='word_1_207' title='bbox 273 1736 426 1781; x_wconf 84' lang='lat' dir='ltr'>sulcati</span> <span class='ocrx_word' id='word_1_208' title='bbox 466 1735 670 1779; x_wconf 74' lang='lat' dir='ltr'>dentibus</span> <span class='ocrx_word' id='word_1_209' title='bbox 713 1735 923 1778; x_wconf 86' lang='lat' dir='ltr'>subdenis</span> <span class='ocrx_word' id='word_1_210' title='bbox 962 1735 1046 1777; x_wconf 84' lang='lat' dir='ltr'>late</span> <span class='ocrx_word' id='word_1_211' title='bbox 1079 1737 1123 1775; x_wconf 91' lang='lat' dir='ltr'>et</span> <span class='ocrx_word' id='word_1_212' title='bbox 1154 1733 1348 1777; x_wconf 82' lang='lat' dir='ltr'>breviter</span> <span class='ocrx_word' id='word_1_213' title='bbox 1381 1734 1631 1777; x_wconf 80' lang='lat' dir='ltr'>lanceolatis</span> <span class='ocrx_word' id='word_1_214' title='bbox 1663 1733 1971 1787; x_wconf 85' lang='lat' dir='ltr'>irregulariter</span> 
     </span>
     <span class='ocr_line' id='line_1_27' title="bbox 271 1792 1972 1848; baseline -0.001 -10"><span class='ocrx_word' id='word_1_215' title='bbox 271 1793 346 1838; x_wconf 66' lang='grc'>2-3</span> <span class='ocrx_word' id='word_1_216' title='bbox 371 1795 471 1838; x_wconf 87' lang='lat' dir='ltr'>fidis</span> <span class='ocrx_word' id='word_1_217' title='bbox 499 1794 738 1848; x_wconf 82' lang='lat' dir='ltr'>spinulosis</span> <span class='ocrx_word' id='word_1_218' title='bbox 763 1794 858 1837; x_wconf 88' lang='lat' dir='ltr'>basi</span> <span class='ocrx_word' id='word_1_219' title='bbox 886 1793 1135 1836; x_wconf 88' lang='lat' dir='ltr'>subcoalitis</span> <span class='ocrx_word' id='word_1_220' title='bbox 1159 1792 1264 1835; x_wconf 89' lang='lat' dir='ltr'>tubo</span> <span class='ocrx_word' id='word_1_221' title='bbox 1287 1792 1361 1836; x_wconf 83' lang='lat' dir='ltr'>vix</span> <span class='ocrx_word' id='word_1_222' title='bbox 1385 1792 1665 1837; x_wconf 81' lang='lat' dir='ltr'>brevioribus</span> <span class='ocrx_word' id='word_1_223' title='bbox 1702 1792 1972 1847; x_wconf 85' lang='lat' dir='ltr'>patentibus,</span> 
     </span>
     <span class='ocr_line' id='line_1_28' title="bbox 268 1851 1314 1905; baseline -0.006 -7"><span class='ocrx_word' id='word_1_224' title='bbox 268 1855 393 1898; x_wconf 83' lang='lat' dir='ltr'>fauce</span> <span class='ocrx_word' id='word_1_225' title='bbox 415 1854 585 1903; x_wconf 76' lang='lat' dir='ltr'>villosa,</span> <span class='ocrx_word' id='word_1_226' title='bbox 612 1852 782 1895; x_wconf 81' lang='lat' dir='ltr'>corollae</span> <span class='ocrx_word' id='word_1_227' title='bbox 811 1853 919 1895; x_wconf 82' lang='lat' dir='ltr'>albae</span> <span class='ocrx_word' id='word_1_228' title='bbox 943 1851 1074 1894; x_wconf 88' lang='lat' dir='ltr'>limbo</span> <span class='ocrx_word' id='word_1_229' title='bbox 1100 1864 1234 1905; x_wconf 89' lang='lat' dir='ltr'>parvo</span> <span class='ocrx_word' id='word_1_230' title='bbox 1255 1857 1314 1900; x_wconf 68' lang='lat'>26.</span> 
     </span>
    </p>
   </div>
   <div class='ocr_carea' id='block_1_9' title="bbox 271 1924 1974 2020">
    <p class='ocr_par' dir='ltr' id='par_1_9' title="bbox 271 1924 1974 2020">
     <span class='ocr_line' id='line_1_29' title="bbox 317 1924 1974 1975; baseline -0.001 -11"><span class='ocrx_word' id='word_1_231' title='bbox 317 1927 419 1964; x_wconf 84' lang='lat' dir='ltr'>Hab.</span> <span class='ocrx_word' id='word_1_232' title='bbox 448 1927 489 1963; x_wconf 91' lang='lat' dir='ltr'>in</span> <span class='ocrx_word' id='word_1_233' title='bbox 521 1925 642 1962; x_wconf 87' lang='lat' dir='ltr'>aridis</span> <span class='ocrx_word' id='word_1_234' title='bbox 679 1927 825 1961; x_wconf 82' lang='lat' dir='ltr'>montis</span> <span class='ocrx_word' id='word_1_235' title='bbox 854 1925 1000 1964; x_wconf 89' lang='lat' dir='ltr'>Elbrus</span> <span class='ocrx_word' id='word_1_236' title='bbox 1033 1924 1177 1961; x_wconf 87' lang='lat' dir='ltr'>Persiae</span> <span class='ocrx_word' id='word_1_237' title='bbox 1206 1932 1327 1972; x_wconf 86' lang='lat' dir='ltr'>prope</span> <span class='ocrx_word' id='word_1_238' title='bbox 1361 1924 1548 1961; x_wconf 86' lang='lat' dir='ltr'>Derbend</span> <span class='ocrx_word' id='word_1_239' title='bbox 1582 1924 1673 1972; x_wconf 86' lang='lat' dir='ltr'>(Ky.</span> <span class='ocrx_word' id='word_1_240' title='bbox 1699 1924 1816 1972; x_wconf 76' lang='lat'>2441),</span> <span class='ocrx_word' id='word_1_241' title='bbox 1850 1934 1974 1975; x_wconf 82' lang='lat' dir='ltr'>prope</span> 
     </span>
     <span class='ocr_line' id='line_1_30' title="bbox 271 1972 1162 2020; baseline -0.003 -9"><span class='ocrx_word' id='word_1_242' title='bbox 271 1974 451 2011; x_wconf 84' lang='lat' dir='ltr'>Teheran</span> <span class='ocrx_word' id='word_1_243' title='bbox 469 1973 624 2019; x_wconf 82' lang='lat' dir='ltr'>(Bode),</span> <span class='ocrx_word' id='word_1_244' title='bbox 645 1983 766 2020; x_wconf 86' lang='lat' dir='ltr'>prope</span> <span class='ocrx_word' id='word_1_245' title='bbox 784 1972 989 2009; x_wconf 85' lang='lat' dir='ltr'>Schahrud</span> <span class='ocrx_word' id='word_1_246' title='bbox 1009 1973 1110 2018; x_wconf 83' lang='lat' dir='ltr'>(Bge</span> <span class='ocrx_word' id='word_1_247' title='bbox 1123 1974 1162 2018; x_wconf 79' lang='lat'>1).</span> 
     </span>
    </p>
   </div>
   <div class='ocr_carea' id='block_1_10' title="bbox 271 2025 1973 2112">
    <p class='ocr_par' dir='ltr' id='par_1_10' title="bbox 271 2025 1973 2112">
     <span class='ocr_line' id='line_1_31' title="bbox 317 2025 1973 2073; baseline -0.001 -9"><span class='ocrx_word' id='word_1_248' title='bbox 317 2028 441 2065; x_wconf 83' lang='lat' dir='ltr'>Valde</span> <span class='ocrx_word' id='word_1_249' title='bbox 459 2028 573 2064; x_wconf 87' lang='lat' dir='ltr'>affine</span> <span class='ocrx_word' id='word_1_250' title='bbox 587 2027 641 2064; x_wconf 87' lang='lat' dir='ltr'>M.</span> <span class='ocrx_word' id='word_1_251' title='bbox 661 2031 838 2071; x_wconf 60' lang='lat' dir='ltr'>cemento,</span> <span class='ocrx_word' id='word_1_252' title='bbox 854 2027 905 2063; x_wconf 86' lang='lat' dir='ltr'>ab</span> <span class='ocrx_word' id='word_1_253' title='bbox 920 2036 965 2063; x_wconf 86' lang='lat' dir='ltr'>eo</span> <span class='ocrx_word' id='word_1_254' title='bbox 980 2025 1126 2072; x_wconf 80' lang='lat' dir='ltr'>calyois</span> <span class='ocrx_word' id='word_1_255' title='bbox 1144 2025 1252 2062; x_wconf 74' lang='lat' dir='ltr'>fauce</span> <span class='ocrx_word' id='word_1_256' title='bbox 1272 2025 1399 2073; x_wconf 74' lang='lat' dir='ltr'>pilosa</span> <span class='ocrx_word' id='word_1_257' title='bbox 1417 2035 1488 2063; x_wconf 86' lang='lat' dir='ltr'>neo</span> <span class='ocrx_word' id='word_1_258' title='bbox 1506 2026 1638 2073; x_wconf 80' lang='lat' dir='ltr'>gibba,</span> <span class='ocrx_word' id='word_1_259' title='bbox 1655 2025 1841 2063; x_wconf 86' lang='lat' dir='ltr'>dentibus</span> <span class='ocrx_word' id='word_1_260' title='bbox 1859 2026 1973 2063; x_wconf 86' lang='lat' dir='ltr'>latio-</span> 
     </span>
     <span class='ocr_line' id='line_1_32' title="bbox 271 2072 1326 2112; baseline -0.003 0"><span class='ocrx_word' id='word_1_261' title='bbox 271 2075 381 2112; x_wconf 89' lang='lat' dir='ltr'>ribus</span> <span class='ocrx_word' id='word_1_262' title='bbox 402 2076 442 2111; x_wconf 89' lang='lat' dir='ltr'>in</span> <span class='ocrx_word' id='word_1_263' title='bbox 463 2074 633 2111; x_wconf 88' lang='lat' dir='ltr'>limbum</span> <span class='ocrx_word' id='word_1_264' title='bbox 652 2074 739 2110; x_wconf 83' lang='lat' dir='ltr'>basi</span> <span class='ocrx_word' id='word_1_265' title='bbox 757 2074 910 2110; x_wconf 83' lang='lat' dir='ltr'>coalitis</span> <span class='ocrx_word' id='word_1_266' title='bbox 931 2084 982 2110; x_wconf 85' lang='lat' dir='ltr'>an</span> <span class='ocrx_word' id='word_1_267' title='bbox 999 2074 1095 2109; x_wconf 84' lang='lat' dir='ltr'>satis</span> <span class='ocrx_word' id='word_1_268' title='bbox 1112 2072 1326 2109; x_wconf 84' lang='lat' dir='ltr'>diversum.</span> 
     </span>
    </p>
   </div>
   <div class='ocr_carea' id='block_1_11' title="bbox 271 2173 1976 2933">
    <p class='ocr_par' dir='ltr' id='par_1_11' title="bbox 271 2173 1976 2819">
     <span class='ocr_line' id='line_1_33' title="bbox 332 2173 1974 2231; baseline -0.002 -10"><span class='ocrx_word' id='word_1_269' title='bbox 332 2179 399 2221; x_wconf 80' lang='lat'>31.</span> <span class='ocrx_word' id='word_1_270' title='bbox 431 2177 501 2220; x_wconf 88' lang='lat' dir='ltr'>M.</span> <span class='ocrx_word' id='word_1_271' title='bbox 536 2175 933 2231; x_wconf 82' lang='lat' dir='ltr'>parvissorum</span> <span class='ocrx_word' id='word_1_272' title='bbox 975 2175 1131 2230; x_wconf 79' lang='lat' dir='ltr'>(Fisch.</span> <span class='ocrx_word' id='word_1_273' title='bbox 1174 2178 1216 2217; x_wconf 88' lang='lat' dir='ltr'>et</span> <span class='ocrx_word' id='word_1_274' title='bbox 1253 2174 1364 2229; x_wconf 89' lang='lat' dir='ltr'>Mey.</span> <span class='ocrx_word' id='word_1_275' title='bbox 1403 2173 1496 2217; x_wconf 87' lang='lat' dir='ltr'>lud.</span> <span class='ocrx_word' id='word_1_276' title='bbox 1532 2174 1707 2229; x_wconf 87' lang='lat' dir='ltr'>Petrop.</span> <span class='ocrx_word' id='word_1_277' title='bbox 1740 2175 1775 2224; x_wconf 84' lang='grc' dir='ltr'>Ι,</span> <span class='ocrx_word' id='word_1_278' title='bbox 1815 2187 1856 2229; x_wconf 90' lang='lat' dir='ltr'>p.</span> <span class='ocrx_word' id='word_1_279' title='bbox 1894 2175 1974 2222; x_wconf 72' lang='lat'>33)</span> 
     </span>
     <span class='ocr_line' id='line_1_34' title="bbox 271 2233 1972 2288; baseline -0.003 -7"><span class='ocrx_word' id='word_1_280' title='bbox 271 2240 409 2281; x_wconf 85' lang='lat' dir='ltr'>totum</span> <span class='ocrx_word' id='word_1_281' title='bbox 449 2235 644 2278; x_wconf 88' lang='lat' dir='ltr'>breviter</span> <span class='ocrx_word' id='word_1_282' title='bbox 685 2239 729 2277; x_wconf 92' lang='lat' dir='ltr'>et</span> <span class='ocrx_word' id='word_1_283' title='bbox 762 2235 897 2278; x_wconf 88' lang='lat' dir='ltr'>dense</span> <span class='ocrx_word' id='word_1_284' title='bbox 934 2242 1103 2284; x_wconf 85' lang='lat' dir='ltr'>canum,</span> <span class='ocrx_word' id='word_1_285' title='bbox 1138 2244 1162 2275; x_wconf 89' lang='lat' dir='ltr'>e</span> <span class='ocrx_word' id='word_1_286' title='bbox 1199 2234 1438 2277; x_wconf 84' lang='lat' dir='ltr'>rhizomate</span> <span class='ocrx_word' id='word_1_287' title='bbox 1472 2233 1678 2277; x_wconf 82' lang='lat' dir='ltr'>indurato</span> <span class='ocrx_word' id='word_1_288' title='bbox 1714 2233 1972 2288; x_wconf 78' lang='lat' dir='ltr'>pluricaule‚</span> 
     </span>
     <span class='ocr_line' id='line_1_35' title="bbox 273 2291 1971 2348; baseline -0.003 -9"><span class='ocrx_word' id='word_1_289' title='bbox 273 2296 471 2340; x_wconf 86' lang='lat' dir='ltr'>caulibus</span> <span class='ocrx_word' id='word_1_290' title='bbox 505 2294 662 2337; x_wconf 82' lang='lat' dir='ltr'>erectis</span> <span class='ocrx_word' id='word_1_291' title='bbox 699 2294 908 2337; x_wconf 84' lang='lat' dir='ltr'>tenuibus</span> <span class='ocrx_word' id='word_1_292' title='bbox 949 2291 1221 2348; x_wconf 83' lang='lat' dir='ltr'>simplicibus</span> <span class='ocrx_word' id='word_1_293' title='bbox 1263 2294 1330 2336; x_wconf 82' lang='lat' dir='ltr'>vel</span> <span class='ocrx_word' id='word_1_294' title='bbox 1367 2304 1562 2346; x_wconf 84' lang='lat' dir='ltr'>superne</span> <span class='ocrx_word' id='word_1_295' title='bbox 1601 2304 1730 2347; x_wconf 88' lang='lat' dir='ltr'>parce</span> <span class='ocrx_word' id='word_1_296' title='bbox 1770 2293 1971 2343; x_wconf 84' lang='lat' dir='ltr'>ramosis,</span> 
     </span>
     <span class='ocr_line' id='line_1_36' title="bbox 272 2351 1976 2410; baseline -0.003 -12"><span class='ocrx_word' id='word_1_297' title='bbox 272 2355 386 2398; x_wconf 83' lang='lat' dir='ltr'>soliis</span> <span class='ocrx_word' id='word_1_298' title='bbox 405 2354 557 2410; x_wconf 86' lang='lat' dir='ltr'>parvis</span> <span class='ocrx_word' id='word_1_299' title='bbox 581 2353 680 2407; x_wconf 91' lang='lat' dir='ltr'>plus</span> <span class='ocrx_word' id='word_1_300' title='bbox 704 2352 849 2395; x_wconf 90' lang='lat' dir='ltr'>minus</span> <span class='ocrx_word' id='word_1_301' title='bbox 873 2352 1052 2395; x_wconf 85' lang='lat' dir='ltr'>sericeis</span> <span class='ocrx_word' id='word_1_302' title='bbox 1079 2354 1122 2395; x_wconf 85' lang='lat' dir='ltr'>ot</span> <span class='ocrx_word' id='word_1_303' title='bbox 1139 2352 1318 2395; x_wconf 65' lang='lat' dir='ltr'>“linealis</span> <span class='ocrx_word' id='word_1_304' title='bbox 1346 2352 1504 2395; x_wconf 85' lang='lat' dir='ltr'>subtus</span> <span class='ocrx_word' id='word_1_305' title='bbox 1532 2352 1754 2406; x_wconf 85' lang='lat' dir='ltr'>rugulosis</span> <span class='ocrx_word' id='word_1_306' title='bbox 1777 2351 1976 2405; x_wconf 82' lang='lat' dir='ltr'>oblongis</span> 
     </span>
     <span class='ocr_line' id='line_1_37' title="bbox 271 2409 1973 2466; baseline -0.002 -9"><span class='ocrx_word' id='word_1_307' title='bbox 271 2415 399 2466; x_wconf 86' lang='lat' dir='ltr'>longe</span> <span class='ocrx_word' id='word_1_308' title='bbox 427 2413 622 2455; x_wconf 84' lang='lat' dir='ltr'>cuneatis</span> <span class='ocrx_word' id='word_1_309' title='bbox 642 2411 859 2465; x_wconf 82' lang='lat' dir='ltr'>petiolatis</span> <span class='ocrx_word' id='word_1_310' title='bbox 887 2412 1094 2463; x_wconf 84' lang='lat' dir='ltr'>crenatis,</span> <span class='ocrx_word' id='word_1_311' title='bbox 1128 2409 1355 2455; x_wconf 84' lang='lat' dir='ltr'>floralibus</span> <span class='ocrx_word' id='word_1_312' title='bbox 1391 2410 1837 2465; x_wconf 87' lang='lat' dir='ltr'>oblongo-linearibus</span> <span class='ocrx_word' id='word_1_313' title='bbox 1869 2411 1973 2453; x_wconf 84' lang='lat' dir='ltr'>sub-</span> 
     </span>
     <span class='ocr_line' id='line_1_38' title="bbox 272 2469 1973 2525; baseline -0.003 -10"><span class='ocrx_word' id='word_1_314' title='bbox 272 2471 502 2517; x_wconf 91' lang='lat' dir='ltr'>sessilibus</span> <span class='ocrx_word' id='word_1_315' title='bbox 525 2470 706 2513; x_wconf 85' lang='lat' dir='ltr'>deflexis</span> <span class='ocrx_word' id='word_1_316' title='bbox 739 2471 861 2525; x_wconf 86' lang='lat' dir='ltr'>apice</span> <span class='ocrx_word' id='word_1_317' title='bbox 885 2482 1001 2524; x_wconf 86' lang='lat' dir='ltr'>saepe</span> <span class='ocrx_word' id='word_1_318' title='bbox 1027 2470 1215 2513; x_wconf 89' lang='lat' dir='ltr'>dentatis</span> <span class='ocrx_word' id='word_1_319' title='bbox 1238 2470 1452 2513; x_wconf 89' lang='lat' dir='ltr'>verticillo</span> <span class='ocrx_word' id='word_1_320' title='bbox 1476 2469 1759 2524; x_wconf 82' lang='lat' dir='ltr'>longioribus,</span> <span class='ocrx_word' id='word_1_321' title='bbox 1785 2469 1973 2511; x_wconf 82' lang='lat' dir='ltr'>verticil-</span> 
     </span>
     <span class='ocr_line' id='line_1_39' title="bbox 272 2527 1975 2584; baseline -0.002 -10"><span class='ocrx_word' id='word_1_322' title='bbox 272 2531 417 2574; x_wconf 84' lang='lat' dir='ltr'>lastris</span> <span class='ocrx_word' id='word_1_323' title='bbox 441 2529 630 2584; x_wconf 83' lang='lat' dir='ltr'>globosis</span> <span class='ocrx_word' id='word_1_324' title='bbox 655 2529 918 2572; x_wconf 84' lang='lat' dir='ltr'>distantibus</span> <span class='ocrx_word' id='word_1_325' title='bbox 954 2530 1147 2583; x_wconf 66' lang='lat' dir='ltr'>spiceus,</span> <span class='ocrx_word' id='word_1_326' title='bbox 1190 2530 1377 2573; x_wconf 90' lang='lat' dir='ltr'>bracteis</span> <span class='ocrx_word' id='word_1_327' title='bbox 1410 2527 1627 2573; x_wconf 88' lang='lat' dir='ltr'>subulatis</span> <span class='ocrx_word' id='word_1_328' title='bbox 1662 2528 1834 2571; x_wconf 87' lang='lat' dir='ltr'>muticis</span> <span class='ocrx_word' id='word_1_329' title='bbox 1868 2528 1975 2570; x_wconf 86' lang='lat' dir='ltr'>tubo</span> 
     </span>
     <span class='ocr_line' id='line_1_40' title="bbox 273 2587 1975 2643; baseline -0.001 -11"><span class='ocrx_word' id='word_1_330' title='bbox 273 2589 466 2643; x_wconf 86' lang='lat' dir='ltr'>calycino</span> <span class='ocrx_word' id='word_1_331' title='bbox 494 2588 627 2641; x_wconf 87' lang='lat' dir='ltr'>triplo</span> <span class='ocrx_word' id='word_1_332' title='bbox 655 2588 948 2640; x_wconf 88' lang='lat' dir='ltr'>brevioribus,</span> <span class='ocrx_word' id='word_1_333' title='bbox 975 2588 1133 2642; x_wconf 85' lang='lat' dir='ltr'>calycis</span> <span class='ocrx_word' id='word_1_334' title='bbox 1158 2588 1350 2632; x_wconf 85' lang='lat' dir='ltr'>breviter</span> <span class='ocrx_word' id='word_1_335' title='bbox 1376 2587 1733 2631; x_wconf 80' lang='lat' dir='ltr'>albo-tomentosi</span> <span class='ocrx_word' id='word_1_336' title='bbox 1767 2587 1975 2630; x_wconf 82' lang='lat' dir='ltr'>dentibus</span> 
     </span>
     <span class='ocr_line' id='line_1_41' title="bbox 274 2640 1976 2702; baseline -0.002 -11"><span class='ocrx_word' id='word_1_337' title='bbox 274 2649 397 2692; x_wconf 86' lang='lat' dir='ltr'>denis</span> <span class='ocrx_word' id='word_1_338' title='bbox 443 2647 658 2690; x_wconf 87' lang='lat' dir='ltr'>subulatis</span> <span class='ocrx_word' id='word_1_339' title='bbox 707 2647 1034 2700; x_wconf 88' lang='lat' dir='ltr'>subspinulosis</span> <span class='ocrx_word' id='word_1_340' title='bbox 1078 2647 1251 2690; x_wconf 88' lang='lat' dir='ltr'>demum</span> <span class='ocrx_word' id='word_1_341' title='bbox 1293 2644 1823 2702; x_wconf 79' lang='lat' dir='ltr'>squarroso-&#39;patentibus</span> <span class='ocrx_word' id='word_1_342' title='bbox 1867 2640 1976 2689; x_wconf 87' lang='lat' dir='ltr'>tubo-</span> 
     </span>
     <span class='ocr_line' id='line_1_42' title="bbox 274 2703 1970 2758; baseline -0.003 -8"><span class='ocrx_word' id='word_1_343' title='bbox 274 2705 660 2755; x_wconf 84' lang='lat' dir='ltr'>subbrevioribus‚</span> <span class='ocrx_word' id='word_1_344' title='bbox 687 2707 860 2748; x_wconf 86' lang='lat' dir='ltr'>corollae</span> <span class='ocrx_word' id='word_1_345' title='bbox 882 2706 992 2749; x_wconf 84' lang='lat' dir='ltr'>albae</span> <span class='ocrx_word' id='word_1_346' title='bbox 1018 2706 1122 2749; x_wconf 90' lang='lat' dir='ltr'>tubo</span> <span class='ocrx_word' id='word_1_347' title='bbox 1149 2706 1316 2750; x_wconf 88' lang='lat' dir='ltr'>incluso</span> <span class='ocrx_word' id='word_1_348' title='bbox 1349 2712 1408 2754; x_wconf 74' lang='lat'>26.</span> <span class='ocrx_word' id='word_1_349' title='bbox 1445 2704 1502 2748; x_wconf 88' lang='lat' dir='ltr'>M.</span> <span class='ocrx_word' id='word_1_350' title='bbox 1521 2704 1809 2758; x_wconf 72' lang='lat' dir='ltr'>parem-inum</span> <span class='ocrx_word' id='word_1_351' title='bbox 1841 2703 1884 2747; x_wconf 90' lang='lat' dir='ltr'>C.</span> <span class='ocrx_word' id='word_1_352' title='bbox 1921 2705 1970 2747; x_wconf 87' lang='grc' dir='ltr'>Α.</span> 
     </span>
     <span class='ocr_line' id='line_1_43' title="bbox 272 2765 747 2819; baseline -0.008 -11"><span class='ocrx_word' id='word_1_353' title='bbox 272 2766 382 2819; x_wconf 87' lang='lat' dir='ltr'>Mey.</span> <span class='ocrx_word' id='word_1_354' title='bbox 412 2765 568 2807; x_wconf 90' lang='lat' dir='ltr'>Enum.</span> <span class='ocrx_word' id='word_1_355' title='bbox 595 2776 680 2806; x_wconf 88' lang='lat' dir='ltr'>non</span> <span class='ocrx_word' id='word_1_356' title='bbox 701 2765 747 2807; x_wconf 91' lang='lat' dir='ltr'>L.</span> 
     </span>
    </p>

    <p class='ocr_par' dir='ltr' id='par_1_12' title="bbox 274 2836 1974 2933">
     <span class='ocr_line' id='line_1_44' title="bbox 320 2836 1974 2884; baseline -0.001 -10"><span class='ocrx_word' id='word_1_357' title='bbox 320 2838 423 2874; x_wconf 86' lang='lat' dir='ltr'>Hah.</span> <span class='ocrx_word' id='word_1_358' title='bbox 441 2838 482 2874; x_wconf 90' lang='lat' dir='ltr'>in</span> <span class='ocrx_word' id='word_1_359' title='bbox 502 2840 633 2873; x_wconf 86' lang='lat' dir='ltr'>monte</span> <span class='ocrx_word' id='word_1_360' title='bbox 651 2837 823 2882; x_wconf 91' lang='lat' dir='ltr'>Mesogis</span> <span class='ocrx_word' id='word_1_361' title='bbox 851 2836 986 2883; x_wconf 80' lang='lat' dir='ltr'>Lydiae</span> <span class='ocrx_word' id='word_1_362' title='bbox 1021 2837 1192 2884; x_wconf 69' lang='lat' dir='ltr'>(Boissi)</span> <span class='ocrx_word' id='word_1_363' title='bbox 1216 2840 1348 2874; x_wconf 88' lang='lat' dir='ltr'>monte</span> <span class='ocrx_word' id='word_1_364' title='bbox 1373 2836 1591 2874; x_wconf 87' lang='lat' dir='ltr'>Olklatscbi</span> <span class='ocrx_word' id='word_1_365' title='bbox 1607 2836 1766 2873; x_wconf 87' lang='lat' dir='ltr'>Pisidiae</span> <span class='ocrx_word' id='word_1_366' title='bbox 1786 2836 1974 2883; x_wconf 83' lang='lat' dir='ltr'>(Heldr!)›</span> 
     </span>
     <span class='ocr_line' id='line_1_45' title="bbox 274 2883 1971 2933; baseline -0.002 -11"><span class='ocrx_word' id='word_1_367' title='bbox 274 2885 524 2933; x_wconf 73' lang='lat' dir='ltr'>Cappadocia</span> <span class='ocrx_word' id='word_1_368' title='bbox 546 2884 685 2929; x_wconf 83' lang='lat' dir='ltr'>(Ball),</span> <span class='ocrx_word' id='word_1_369' title='bbox 706 2883 891 2920; x_wconf 65' lang='lat' dir='ltr'>anatolia</span> <span class='ocrx_word' id='word_1_370' title='bbox 908 2884 1059 2921; x_wconf 88' lang='lat' dir='ltr'>boreali</span> <span class='ocrx_word' id='word_1_371' title='bbox 1075 2886 1125 2921; x_wconf 88' lang='lat' dir='ltr'>ad</span> <span class='ocrx_word' id='word_1_372' title='bbox 1143 2885 1324 2930; x_wconf 83' lang='lat' dir='ltr'>Samsun,</span> <span class='ocrx_word' id='word_1_373' title='bbox 1344 2884 1563 2930; x_wconf 83' lang='lat' dir='ltr'>Safranbol,</span> <span class='ocrx_word' id='word_1_374' title='bbox 1584 2885 1782 2920; x_wconf 76' lang='lat' dir='ltr'>Mersivan</span> <span class='ocrx_word' id='word_1_375' title='bbox 1801 2884 1971 2929; x_wconf 83' lang='lat' dir='ltr'>(Wiedl)</span> 
     </span>
    </p>
   </div>
   <div class='ocr_carea' id='block_1_12' title="bbox 273 2930 1972 3025">
    <p class='ocr_par' dir='ltr' id='par_1_13' title="bbox 273 2930 1972 3025">
     <span class='ocr_line' id='line_1_46' title="bbox 273 2930 1972 2978; baseline -0.001 -10"><span class='ocrx_word' id='word_1_376' title='bbox 273 2933 461 2968; x_wconf 76' lang='lat' dir='ltr'>Armenia</span> <span class='ocrx_word' id='word_1_377' title='bbox 490 2931 541 2967; x_wconf 86' lang='lat' dir='ltr'>ad</span> <span class='ocrx_word' id='word_1_378' title='bbox 571 2931 758 2967; x_wconf 86' lang='lat' dir='ltr'>Erzerum</span> <span class='ocrx_word' id='word_1_379' title='bbox 796 2931 969 2976; x_wconf 61' lang='lat' dir='ltr'>(Humi),</span> <span class='ocrx_word' id='word_1_380' title='bbox 1003 2932 1150 2968; x_wconf 91' lang='lat' dir='ltr'>ditione</span> <span class='ocrx_word' id='word_1_381' title='bbox 1172 2932 1382 2978; x_wconf 81' lang='lat' dir='ltr'>Karadagh</span> <span class='ocrx_word' id='word_1_382' title='bbox 1402 2932 1597 2978; x_wconf 85' lang='lat' dir='ltr'>(Bubsel),</span> <span class='ocrx_word' id='word_1_383' title='bbox 1624 2931 1771 2968; x_wconf 89' lang='lat' dir='ltr'>ditione</span> <span class='ocrx_word' id='word_1_384' title='bbox 1797 2930 1972 2977; x_wconf 85' lang='lat' dir='ltr'>Talysch</span> 
     </span>
     <span class='ocr_line' id='line_1_47' title="bbox 274 2977 978 3025; baseline -0.001 -10"><span class='ocrx_word' id='word_1_385' title='bbox 274 2980 386 3023; x_wconf 76' lang='lat' dir='ltr'><strong>(CA.</strong></span> <span class='ocrx_word' id='word_1_386' title='bbox 402 2979 541 3025; x_wconf 82' lang='lat' dir='ltr'>Meyl),</span> <span class='ocrx_word' id='word_1_387' title='bbox 559 2978 694 3014; x_wconf 74' lang='lat' dir='ltr'>Persia</span> <span class='ocrx_word' id='word_1_388' title='bbox 712 2978 792 3014; x_wconf 88' lang='lat' dir='ltr'>bor.</span> <span class='ocrx_word' id='word_1_389' title='bbox 814 2977 978 3022; x_wconf 81' lang='lat' dir='ltr'>(Szovl).</span> 
     </span>
    </p>
   </div>
  </div>
 </body>
</html>
