2912 4368
774 563 868 601 1194
1514 565 1755 593 SALICINEAE.
2285 553 2462 602 Populus
2470 583 2481 592 .

839 646 877 687 3.
912 643 967 686 P.
997 640 1360 696 Euphratica
1392 638 1524 694 (Oliv.
1551 639 1656 693 Voy.
1684 641 1722 685 3,
1759 652 1799 693 p.
1833 637 1933 686 449,
1974 635 2061 677 tab.
2099 635 2254 691 45-46)
2289 637 2488 687 arborea,

778 704 913 747 ramis
949 702 1108 756 patulis
1138 699 1388 754 junioribus
1423 699 1669 752 puberulis,
1710 697 1822 740 foliis
1862 695 2031 749 petiolis
2066 695 2185 749 apice
2219 697 2484 749 compressis

781 761 1078 806 insidentibus
1113 758 1420 802 crassiusculis
1457 758 1620 810 glaucis
1654 756 1816 810 glabris
1855 766 2074 796 ramorum
2106 756 2264 806 plantae
2299 755 2489 808 junioris

784 825 828 864 et
860 820 1144 863 inferioribus
1183 818 1407 860 sterilibus
1443 816 1485 857 in
1520 817 1670 859 eadem
1709 816 1866 857 arbore
1889 815 2071 866 anguste
2098 812 2335 854 linearibns
2364 814 2487 857 elon-

782 881 908 935 gatis,
943 879 1007 920 vel
1042 877 1292 920 lanceolatis
1318 875 1515 928 integris,
1541 886 1762 917 ramorum
1797 873 2077 925 superiorum
2108 871 2315 914 fertilium
2346 885 2368 913 a
2396 873 2490 915 basi

783 939 970 982 cuneata
999 938 1063 979 vel
1094 936 1326 978 rotundata
1351 934 1749 977 ovato-lanceolatis
1778 931 1915 973 acutis
1937 931 2004 972 vel
2030 930 2388 983 triangularibus,
2422 932 2491 974 vel

782 997 1078 1041 rhomboideis
1116 997 1183 1037 vel
1218 994 1445 1036 deltoideis
1480 994 1548 1036 vel
1584 992 1834 1035 orbiculatis
1865 1002 1980 1043 saepe
2005 989 2094 1030 basi
2122 989 2396 1032 subcordatis
2423 991 2488 1033 vel

782 1060 1037 1100 transverse
1060 1054 1285 1096 latioribus
1309 1053 1539 1095 flabellatis
1558 1052 1738 1104 integris
1757 1055 1830 1092 aut
1849 1053 1970 1101 parte
1990 1049 2209 1101 superiori
2230 1049 2328 1102 plus
2346 1050 2493 1093 minus

782 1119 906 1158 acute
928 1114 1129 1161 dentatiS,
1159 1112 1349 1165 capsulis
1373 1112 1537 1165 magnis
1561 1110 1755 1153 ovoideis
1776 1116 1809 1157 5.
1838 1108 1892 1149 Ic.
1922 1107 2060 1149 folior.
2084 1107 2298 1149 Wesmael
2324 1107 2490 1161 Monog.

781 1178 811 1218 t.
837 1174 983 1216 10-13.
1007 1198 1059 1202 -—
1079 1172 1127 1214 P.
1149 1169 1432 1221 diversifolia
1451 1170 1647 1212 Scbrenk
1664 1170 1821 1211 Enum.
1846 1180 1887 1221 p.
1911 1168 1979 1208 15.
1999 1190 2053 1195 —-
2073 1166 2252 1209 TrautV.
2275 1166 2355 1207 Im.
2376 1171 2404 1208 t.
2423 1168 2489 1209 16.

829 1247 931 1283 Hab.
948 1246 996 1281 ad
1012 1247 1118 1281 rivos
1137 1247 1173 1280 et
1192 1254 1317 1290 aquas
1333 1244 1504 1289 regionis
1519 1242 1732 1285 inferioris,
1753 1241 1934 1286 Egyptus
1956 1240 1996 1274 in
2013 1238 2105 1274 Oasi
2125 1243 2247 1285 parva.
2261 1240 2495 1286 (Ascbersl),

783 1293 987 1330 Palestina
1018 1294 1068 1328 ad
1095 1292 1316 1328 Jordanum
1339 1301 1417 1325 non
1435 1291 1571 1337 procul
1604 1301 1625 1325 a
1645 1289 1802 1330 Jericho
1829 1287 1976 1331 (Βονρἔ
1998 1287 2157 1331 Boissl),
2183 1287 2297 1332 Syria
2324 1287 2497 1322 borealis

786 1342 839 1377 ad
857 1343 951 1376 fluv,
970 1340 1081 1375 Aksu
1101 1350 1223 1384 prope
1245 1338 1426 1373 Marasch
1449 1336 1630 1381 (Haussk
1644 1338 1680 1379 l),
1706 1335 1994 1381 Mesopotamia
2013 1336 2050 1369 et
2069 1335 2234 1379 Assyria
2257 1334 2349 1379 (Ky.
2375 1334 2497 1379 4011),

785 1388 1012 1433 Babylonia
1030 1387 1078 1422 ad
1096 1386 1338 1432 Euphratem
1356 1388 1394 1419 et
1408 1385 1543 1430 Tigrin
1561 1384 1690 1423 (Olivl
1707 1384 1840 1423 Noell,
1859 1382 1993 1417 Persia
2008 1381 2260 1416 occidentalis
2271 1381 2497 1426 (Hawskl),

786 1435 972 1471 australis
991 1435 1092 1468 inter
1114 1432 1291 1468 Abucliir
1309 1436 1346 1467 et
1364 1432 1519 1467 Seliiraz
1547 1431 1639 1475 (ΚΥ.
1657 1430 1779 1473 223ῐ),
1814 1429 1986 1464 borealis
2015 1428 2056 1463 in
2092 1438 2202 1474 prov.
2229 1428 2376 1464 Ghilan
2405 1428 2498 1472 (Mi-

787 1483 950 1526 chaux),
974 1492 1093 1527 prope
1115 1480 1277 1525 Mendjil
1297 1482 1334 1515 et
1355 1479 1560 1514 Schahrud
1583 1478 1770 1522 (Bulisel)
1791 1479 1829 1511 et
1848 1475 2050 1511 orientalis
2071 1476 2110 1510 in
2130 1485 2238 1521 prov.
2263 1475 2493 1510 Kborassan

789 1529 940 1575 (Egel),
955 1527 1224 1563 Tui-kostania
1239 1527 1430 1571 (Lehml),
1446 1536 1611 1572 regnum
1629 1525 1864 1560 (jahulicum
1874 1522 2040 1567 (Griffl'),
2056 1522 2499 1567 Belutschiasstocksi).

789 1576 918 1612 Persis
942 1575 1144 1620 Tardaque
1161 1574 1225 1609 vel
1244 1574 1379 1615 Patca,
1397 1573 1628 1617 Kliirguisis
1656 1571 1861 1616 Taranqa,
1883 1570 2025 1605 Arabis
2045 1570 2199 1614 Safsaf.

839 1633 996 1679 Species
1013 1632 1111 1666 mire
1135 1630 1425 1675 heterophylla,
1446 1629 1542 1664 folia
1559 1639 1758 1663 ramorum
1773 1628 1976 1673 juniorum
1997 1636 2101 1672 saepe
2119 1625 2364 1671 3—4-pollices
2382 1625 2501 1670 longa

791 1680 918 1715 lineas
935 1679 998 1714 2-3
1017 1679 1096 1713 lata
1116 1678 1195 1713 illis
1214 1676 1252 1713 S.
1272 1676 1606 1723 hippophae'folioe
1629 1675 1783 1714 similia,
1816 1677 1955 1709 caetera
1978 1674 2125 1708 sensim
2149 1683 2284 1708 omnes
2306 1673 2451 1707 formas
2477 1682 2501 1707 a

787 1727 1008 1763 lanceolata
1031 1726 1081 1760 ad
1102 1728 1322 1760 transverse
1345 1724 1584 1759 flabellatam
1612 1722 1839 1768 praebentia.
1875 1720 2047 1766 Capsula
2080 1720 2280 1755 interdum
2305 1719 2500 1754 trivalvis.

838 1784 900 1818 Ar.
916 1784 1048 1827 Geogr.
1068 1780 1326 1827 amplissima,
1348 1780 1480 1814 Africa
1500 1779 1670 1814 borealis
1691 1778 1852 1813 interior
1866 1788 1889 1812 a
1906 1787 2017 1823 prov.
2034 1777 2151 1822 Oran,
2171 1776 2319 1812 Sibiria
2337 1776 2502 1821 Altaica‚

795 1831 905 1875 regio
924 1829 1065 1864 Scinde
1087 1828 1223 1873 Indiae,
1242 1829 1348 1872 regio
1370 1827 1605 1861 Himalaica.

855 1956 977 1999 Sscr.
1006 1954 1080 1997 ΙΙΙ.
1118 1954 1323 1997 Atcnmos
1351 1953 1475 2007 Duby
1504 1953 1580 1994 loc.
1604 1952 1672 1994 cit.
1717 1977 1765 1981 ——
1794 1949 1984 1993 Gemmae
2013 1954 2056 1992 et
2079 1950 2234 1993 ramuli
2257 1949 2396 2003 glabri
2420 1948 2507 1991 vis-

1096 2014 1193 2056 cidi.
1228 2013 1401 2055 Amenti
1429 2023 1621 2066 squamae
1646 2011 1819 2063 glabrae.
1850 2010 2125 2064 Perigonium
2151 2009 2502 2063 integerrimum.

1098 2072 1292 2115 Stamina
1323 2073 1462 2114 12-30.

861 2178 900 2218 4.
935 2174 994 2217 Ρ.
1021 2174 1200 2229 niqra
1226 2172 1293 2228 (L.
1319 2173 1393 2227 Sp.
1430 2172 1562 2227 1464)
1590 2172 1768 2214 arborea
1794 2172 1917 2213 elata.
1939 2171 2074 2213 ramis
2102 2168 2369 2223 patentibus,
2394 2167 2508 2210 foliis

801 2236 962 2289 peliolo
999 2236 1125 2286 longo
1159 2234 1279 2287 apice
1315 2244 1566 2287 compresso
1608 2231 1800 2273 suffultis
1829 2230 1991 2282 glabris
2027 2230 2176 2272 nitidis
2208 2227 2509 2270 concoloribus

802 2294 1017 2337 deltoideo
1042 2294 1109 2335 vel
1134 2290 1781 2343 rliomboideo-triangularibus
1803 2289 2075 2343 longitudine
2093 2287 2320 2331 latioribus
2340 2287 2507 2328 minute

803 2352 1033 2395 serrulatis
1059 2351 1315 2395 acuminatis
1340 2355 1376 2400 5.
1404 2350 1459 2392 Ic.
1484 2350 1619 2391 Rchb.
1645 2348 1791 2390 Germ.
1817 2349 1886 2401 fig.
1916 2349 2040 2390 1275.

848 2417 950 2454 Hal).
972 2419 1020 2453 ad
1042 2428 1166 2464 aquas
1185 2416 1358 2462 regionis
1381 2417 1576 2452 inferioris
1596 2418 1632 2452 et
1649 2417 1848 2451 montanae
1867 2415 1946 2449 fere
1967 2415 2009 2450 in
2027 2415 2110 2449 tota
2129 2413 2280 2448 ditione
2309 2422 2331 2447 a
2360 2412 2513 2448 Graecia

803 2465 978 2511 (Simu),
1004 2466 1051 2501 ad
1082 2465 1353 2501 Macedoniam
1386 2466 1423 2499 et
1442 2464 1651 2499 Thraciam
1672 2463 1823 2508 (oi-ph„
1844 2463 2029 2506 Griseb.),
2056 2461 2258 2505 Tauri-am,
2288 2459 2511 2495 Caucasum

804 2517 843 2549 et
881 2514 1232 2548 Transcaucasiam
1267 2511 1462 2556 (Ledeb.)‚
1502 2512 1677 2547 Persian]
1717 2509 1920 2545 borealem
1962 2509 2185 2553 (Szovitsl)‚
2217 2507 2370 2553 Syriam
2409 2506 2513 2541 circa.

805 2560 1047 2596 Damascum
1073 2560 1244 2605 (Gailll).

853 2621 914 2655 Ar.
945 2621 1078 2664 Geoqr.
1122 2619 1281 2664 Europa
1312 2617 1445 2653 media
1474 2619 1511 2651 et
1541 2615 1724 2651 australis
1762 2614 1813 2650 ab
1844 2613 1989 2660 Anglia
2020 2615 2059 2650 et
2086 2612 2215 2648 Dania
2248 2612 2298 2648 ad
2328 2611 2513 2648 Rossiam

805 2668 992 2712 mediam,
1023 2667 1167 2702 Sibiria
1189 2666 1391 2701 Uralensis
1411 2667 1449 2699 et
1467 2664 1631 2710 Altaica,
1659 2662 1792 2698 Africa
1811 2662 1993 2697 borealis.

868 2771 908 2810 5.
944 2767 1001 2809 P.
1029 2764 1428 2821 pyramidalis
1462 2763 1642 2819 (Bozier
1673 2763 1717 2805 in
1751 2762 1867 2804 Lam.
1896 2761 2005 2804 Dict.
2040 2762 2082 2812 5,
2119 2774 2157 2815 p.
2194 2759 2299 2815 235)
2331 2758 2515 2801 arborea

805 2828 934 2877 elata,
962 2826 1094 2868 ramis
1121 2830 1163 2869 et
1188 2825 1367 2868 ramulis
1390 2824 1549 2866 erectis
1579 2822 1879 2876 pyramidaliS,
1918 2821 2029 2863 foliis
2054 2821 2211 2875 petiolo
2245 2820 2370 2871 longo
2395 2817 2517 2871 apice

807 2897 1059 2941 compresso
1086 2885 1279 2928 suffultis
1304 2882 1467 2937 glabris
1491 2882 1641 2925 nitidis
1673 2881 1973 2924 concoloribus
2001 2879 2221 2922 rhombeis
2258 2875 2525 2931 aequilongis

806 2949 852 2989 et
880 2946 976 2988 latis
1005 2945 1262 2987 acuminatis
1297 2942 1386 2985 basi
1422 2942 1634 2984 truncatis
1659 2940 1935 2983 denticulatis
1959 2943 1997 2990 5.
2043 2939 2094 2982 P.
2125 2936 2369 2990 fastigiata
2399 2935 2516 2977 Poir.

810 3004 922 3047 Dict.
947 3029 1001 3033 —-
1028 3003 1076 3045 P.
1092 3003 1276 3045 dilatata
1296 3002 1381 3044 Ait.
1409 3001 1514 3043 Kew
1542 3002 1720 3055 (nomen
1745 2997 2030 3053 ambiguum).
2060 3020 2116 3029 --
2144 2998 2191 3039 P.
2213 2994 2370 3039 Italica
2390 2994 2517 3036 Auct.

857 3077 960 3113 Hab.
975 3077 1025 3111 ad
1042 3077 1126 3111 vias
1143 3086 1246 3123 saepe
1263 3075 1436 3120 culta,ex
1453 3074 1614 3109 Oriente
1629 3074 1673 3108 ut
1686 3072 1843 3117 dicitur,
1857 3071 2057 3117 indigena,
2072 3070 2306 3106 Macedonia
2315 3065 2522 3112 (Griseb.),

812 3124 1000 3162 Anatolia
1021 3125 1148 3159 omnis
1167 3127 1204 3159 et
1222 3123 1409 3159 Armenia
1430 3123 1496 3165 (ex
1516 3120 1688 3165 Tema),
1718 3121 1759 3154 in
1785 3119 1962 3154 vallibus
1990 3117 2210 3154 Antilibani
2229 3119 2268 3152 et
2290 3114 2520 3159 Coelesyriae

812 3172 1137 3218 frequentissima
1158 3171 1332 3215 (Boissl)
1359 3169 1427 3205 sed
1455 3179 1504 3203 an
1532 3170 1753 3213 spontanea
1767 3169 1795 3211 “?‚
1825 3166 1950 3201 valles
1980 3166 2127 3201 montis
2153 3165 2329 3199 Karatau
2347 3160 2525 3199 Turkes-

811 3219 932 3255 tani&
954 3219 1110 3262 (Lehm.
1129 3229 1177 3254 ex
1201 3218 1296 3263 Bge)
1317 3217 1387 3253 ubi
1403 3218 1622 3262 spontanea
1641 3214 1809 3249 videtur.
1838 3214 1967 3249 Persis
1983 3212 2175 3260 Ssofidar.

859 3276 921 3311 Ar.
940 3276 1073 3320 Geoqr.
1100 3274 1256 3321 Ubique
1276 3274 1316 3308 in
1337 3273 1495 3318 Europa
1513 3270 1642 3306 media
1660 3272 1697 3305 et
1715 3269 1882 3305 australi
1900 3268 2014 3305 culta.
