2100 3262
273 227 345 263 150
991 222 1274 249 BoaRAGmEAE.
1770 212 1803 246 A
1811 211 1960 248 nahusa
1968 240 1976 248 .

274 303 732 359 ramoso-paniculato.
766 299 880 343 foliis
909 295 1437 349 subundulato-repandis
1467 294 1751 336 inferioribus
1787 294 1982 348 oblongis

273 370 319 411 in
348 366 555 421 petiolum
582 360 832 405 attenuatis,
861 357 1042 399 caulinis
1068 355 1298 398 sessilibus
1324 353 1841 407 semiamplexicaulibus.
1866 365 1984 396 race-

275 427 357 469 mis
385 423 543 467 erectis
574 420 747 463 tandem
777 417 887 459 laxis
912 415 1074 470 saepius
1098 413 1353 469 conjugatis.
1377 413 1562 455 bracteis
1580 412 1790 466 pedicello
1811 413 1983 455 brevio-

275 486 413 535 ribus,
450 479 674 535 pedicellis
714 478 840 520 etiam
881 474 1117 517 fructiferis
1163 472 1291 515 rectis
1332 472 1474 523 calyce
1509 471 1795 524 longioribus
1823 471 1982 524 calycis

273 539 618 597 quinquepartiti
660 536 826 580 laciniis
868 533 1107 577 linearibus
1141 532 1310 575 obtusis
1350 529 1585 573 fructiferis
1625 530 1762 572 auctis
1802 530 1979 585 patulis,

274 601 448 644 corollae
471 599 668 641 caeruleae
697 595 802 639 tubo
828 597 945 636 recto
973 592 1115 645 calyce
1148 591 1277 644 triplo
1314 590 1524 644 longiore,
1552 588 1803 632 fornicibus
1823 587 1980 631 albidis

278 660 448 704 obtusis
478 658 674 700 breviter
701 653 927 709 papillosis
964 650 1250 693 subexsertis.
1276 648 1388 702 stylo
1416 648 1540 691 valde
1576 648 1788 701 elongato,
1811 648 1983 690 nuculis

279 720 456 773 oblique
490 717 627 759 ovatis
659 715 703 756 iu
731 716 925 756 rostrum
960 712 1093 753 breve
1123 721 1282 763 anceps
1310 707 1588 750 subcurvatis
1616 719 1746 762 parce
1773 707 1983 749 areolato-

278 778 453 831 rugosis
479 777 530 818 ad
557 786 687 827 rugas
714 771 862 815 nitidis
889 770 943 813 ad
968 768 1134 812 areolas
1160 768 1327 811 minute
1348 766 1635 810 tuberculatis
1667 770 1732 818 Θ.
1773 765 1828 809 Ic.
1859 764 1980 809 Ceut.

278 838 346 879 Pl.
378 837 504 878 Ross.
529 834 616 877 tab.
647 830 715 875 23.
734 848 797 862 ·—
828 828 961 872 Rchb.
994 829 1053 870 Pl.
1080 826 1182 869 Crit.
1207 826 1322 872 VIII,
1348 826 1418 879 iig.
1442 826 1539 868 966.

328 910 428 945 Hah.
449 910 486 944 in
508 907 677 944 collibus
699 905 887 953 lapidosis
907 906 944 939 et
962 903 1063 938 inter
1081 902 1231 946 segetes
1251 900 1407 936 Tauriae
1426 898 1554 944 (MR,
1572 898 1665 934 Stev
1678 900 1714 943 l).

339 983 382 1035 β.
414 981 556 1033 major
580 993 662 1022 nc.
692 979 846 1022 Prodr.
876 1001 929 1007 -
956 975 1268 1017 Indumentum
1292 972 1429 1026 inagis
1458 972 1714 1026 strigosum,
1745 972 1846 1015 folia
1884 974 1987 1015 sub-

277 1043 444 1088 latiora‚
472 1039 643 1083 corollae
667 1039 799 1080 tubus
819 1036 975 1089 calycis
996 1034 1276 1089 proportione
1304 1032 1479 1074 brevior
1502 1035 1544 1074 et
1563 1030 1721 1074 limbus
1740 1031 1892 1085 major,
1911 1032 1987 1074 sed

278 1102 445 1143 formas
475 1098 762 1141 intermedias
794 1094 1038 1138 observavi.
1064 1117 1120 1126 —-
1150 1093 1199 1135 A.
1231 1090 1449 1144 Sprzmeri
1481 1090 1621 1133 Boiss.
1654 1090 1806 1144 Diagn.
1833 1090 1925 1133 Ser.
1956 1091 1987 1143 l,

287 1162 351 1202 11.
383 1173 423 1213 p.
456 1159 524 1200 98.

330 1232 431 1267 Hah.
451 1231 491 1266 in
510 1231 637 1266 Attica
663 1229 827 1276 (Sprunt
852 1227 1023 1271 Heldrl),
1048 1226 1087 1261 in
1106 1226 1233 1260 vineis
1268 1226 1304 1259 et
1334 1223 1534 1259 montanis
1554 1222 1733 1259 Thraciae
1763 1222 1920 1268 (Fi-ivl),
1939 1223 1989 1259 ad

281 1277 580 1325 Philipoppolin
603 1276 797 1321 (Jankat).
820 1276 914 1311 Asia
935 1275 1083 1310 minore
1112 1274 1151 1308 in
1174 1272 1361 1317 Bithynia
1387 1271 1437 1306 ad
1457 1271 1545 1306 Boli
1564 1270 1739 1315 (Wiedt),
1761 1270 1810 1305 ad
1830 1270 1990 1306 Sarular

281 1326 424 1369 (Auch.
442 1326 581 1367 49991),
602 1325 642 1359 in
661 1324 812 1371 campis
831 1323 881 1358 ad
902 1322 1053 1358 Buldur
1075 1319 1233 1356 Pisidiae
1253 1319 1443 1364 (Heldrll,
1467 1319 1506 1353 in
1527 1318 1774 1365 Cappadocia
1792 1318 1841 1353 ad
1861 1318 1989 1354 Caesa-

279 1384 392 1409 ream
412 1372 513 1417 (Bal.
532 1383 611 1408 exs.
631 1371 706 1407 sub
727 1370 824 1417 Lyso*
839 1367 1019 1414 erectdl).

348 1508 415 1549 20.
453 1506 512 1549 A.
545 1501 834 1546 Thessala
872 1500 1033 1556 [Boiss.
1071 1503 1114 1541 et
1151 1498 1315 1553 Sprun.
1346 1497 1499 1550 Diagn.
1540 1496 1634 1539 Ser.
1670 1496 1701 1549 Ι,
1746 1499 1811 1547 11,
1848 1510 1887 1551 p.
1915 1496 1992 1552 99)

280 1579 433 1610 >annua
456 1563 610 1607 viridis
637 1562 742 1604 setis
766 1573 788 1603 e
811 1560 1040 1603 tuberculo
1059 1559 1167 1601 ortis
1192 1568 1361 1611 aspera,
1379 1556 1501 1598 caule
1527 1557 1676 1610 gracili
1699 1560 1843 1600 erecto
1865 1568 1992 1611 parce

285 1637 474 1674 ramoso,
498 1622 616 1665 foliis
638 1621 821 1674 integris
847 1619 921 1661 vix
943 1617 1149 1672 repandis
1178 1615 1460 1659 inferioribus
1488 1615 1685 1669 oblongis
1712 1616 1753 1658 in
1784 1616 1990 1670 petiolum

286 1683 522 1728 attenuatis
554 1680 860 1735 superioribus
896 1675 1322 1720 lineari-lanceolatis
1359 1674 1590 1718 sessilibus
1617 1675 1769 1727 acutis,
1809 1675 1992 1717 racemis

285 1744 449 1798 saepius
475 1739 715 1795 conjugatis
743 1742 914 1781 demum
943 1737 1064 1779 laxis.
1087 1736 1244 1790 calycis
1269 1734 1493 1787 sti-igulosi
1520 1734 1865 1788 quinquepartiti
1892 1734 1991 1776 laci-

283 1804 369 1846 niis
396 1803 569 1844 deinum
595 1799 777 1842 accretis
803 1795 1040 1840 linearibus
1064 1796 1248 1838 nuculas
1277 1793 1607 1848 superantibus
1635 1793 1806 1836 corollae
1835 1793 1992 1847 pallide

279 1863 482 1904 caeruleae
505 1860 619 1902 tubo
638 1862 756 1901 recto
780 1857 923 1910 calyce
950 1854 1313 1908 sesquilongiore,
1338 1853 1574 1896 fornicibus
1600 1853 1739 1895 ovatis
1770 1853 1992 1907 papillosis

284 1919 572 1965 subexsertis,
601 1917 773 1960 nuculis
800 1915 928 1958 rectis
951 1912 1263 1966 sernioblongis
1290 1923 1417 1966 parce
1443 1912 1612 1966 rugosis
1639 1918 1679 1954 et
1706 1912 1992 1954 tuberculatis

282 1980 448 2022 annulo
472 1977 650 2020 basilari
675 1975 928 2019 laeviusculo
956 1978 1020 2025 O.

335 2052 435 2087 Hah.
458 2052 557 2086 inter
575 2052 726 2095 segetes
745 2049 785 2084 in
803 2046 1013 2084 Thessalia
1034 2056 1152 2093 prope
1172 2046 1333 2081 Zeitoun
1354 2044 1498 2090 [Sprun
1511 2048 1546 2090 l),

335 2124 490 2170 Species
516 2134 562 2158 ex
591 2122 703 2158 unico
733 2120 946 2168 specimine
966 2119 1159 2165 descripta
1178 2119 1274 2154 facie
1295 2120 1330 2154 et
1348 2117 1638 2154 characteribus
1659 2118 1773 2154 valde
1792 2118 1920 2154 affinis
1942 2123 1994 2153 A·

286 2171 442 2219 stylosae
460 2181 482 2206 a
500 2172 658 2217 quasat
676 2169 830 2205 differre
849 2167 1004 2203 videtur
1022 2166 1125 2212 stylo
1145 2166 1276 2212 calyce
1298 2166 1494 2202 fructifero
1515 2166 1694 2202 breviore
1713 2176 1781 2201 nec
1802 2166 1994 2211 longiore,

290 2223 326 2256 et
344 2219 562 2266 praesertim
594 2216 749 2252 nuculis
779 2215 1075 2261 angustioribus
1097 2215 1210 2249 rectis
1242 2215 1350 2261 apice
1381 2224 1539 2249 sursum
1566 2214 1723 2257 directo,
1741 2223 1810 2249 nec
1835 2213 1996 2260 oblique

289 2267 418 2303 ovatis
440 2266 566 2301 rostro
585 2263 833 2300 horizontali.

351 2398 418 2439 021.
466 2396 526 2439 A.
571 2394 850 2438 arvensis
888 2394 953 2449 (L.
996 2393 1068 2448 Sp.
1115 2395 1192 2435 199
1236 2394 1317 2436 sub
1358 2392 1623 2448 Lycopsz'de)
1667 2405 1811 2435 annua
1851 2393 1996 2446 patule

290 2460 630 2509 setoso-aspera,
658 2454 779 2497 caule
809 2458 952 2497 erecto
988 2465 1157 2495 ramoso
1194 2452 1736 2507 corymboso-paniculato‚
1764 2451 1878 2494 foliis
1907 2453 1996 2494 lan-

287 2515 466 2559 ceolatis
492 2513 899 2568 repando-dentatis
930 2510 1212 2555 inferioribus
1249 2513 1288 2554 in
1326 2512 1533 2567 petiolum
1561 2511 1795 2554 attenuatis
1826 2511 1998 2553 obtusis

290 2575 460 2618 caeteris
487 2573 576 2615 basi
605 2572 746 2615 sessili
778 2571 1278 2627 semiamplexicaulibus
1302 2572 1456 2614 acutis.
1480 2572 1664 2613 racemis
1689 2570 1996 2612 confertifloris

290 2634 464 2677 tandem
501 2633 609 2675 laxis
646 2632 832 2674 bracteis
871 2632 1038 2686 calyces
1077 2631 1389 2682 superantibus
1423 2631 1490 2673 vel
1520 2630 1795 2685 aequantibus
1824 2629 1997 2680 satiatis,

291 2694 451 2747 calycis
488 2690 832 2746 quinquepartiti
866 2690 1041 2733 demum
1081 2690 1279 2732 subaucti
1315 2690 1478 2732 laciniis
1522 2689 1785 2738 lanceolatis,
1826 2688 1998 2731 corollae

288 2753 489 2794 caeruleae
515 2750 618 2794 tubo
646 2751 789 2804 calyce
814 2749 1094 2803 sublongiore
1125 2750 1316 2792 medium
1346 2761 1502 2791 versus
1531 2752 1730 2798 curvato,
1758 2747 1998 2790 fornicibus

291 2812 533 2866 papillosis,
563 2809 735 2852 nuculis
765 2812 1017 2852 transverse
1045 2809 1185 2851 ovatis
1210 2808 1336 2850 valde
1362 2807 1769 2851 curvato-rostratis
1795 2806 2000 2849 elei-atim

291 2868 747 2916 reticulato-areolatis
771 2868 823 2910 ad
846 2869 1013 2910 areolas
1041 2868 1325 2910 tuberculatis
1355 2869 1515 2910 annulo
1538 2867 1714 2909 basilari
1742 2878 1901 2920 rugoso
1934 2869 2000 2916 O.

292 2931 348 2972 Ic.
374 2930 432 2972 ΡΙ.
461 2930 565 2970 Dan.
592 2933 619 2969 t.
647 2929 744 2969 435.
772 2952 827 2957 —
848 2927 896 2969 A.
922 2927 1124 2969 arcensis
1155 2926 1256 2969 ΜΒ.
1281 2927 1410 2969 Taur.
1438 2925 1564 2969 Cauc.
1593 2926 1625 2977 Ι,
1655 2927 1749 2969 123.

341 3002 446 3037 Hab.
461 3002 502 3037 in
520 3002 626 3042 arvis
642 3003 679 3036 et
699 3000 826 3046 cultis,
838 3000 1133 3047 Peloponnesus
1149 3001 1249 3036 inter
1264 3000 1349 3036 Nisi
1366 3003 1404 3036 et
1425 3000 1629 3036 Calamata
1647 2999 1778 3045 (herb.
1791 2999 1998 3045 Fauchet),
