2100 3262
305 224 398 261 1108
982 232 1300 260 EUPHORBIACEAE
1735 221 1977 269 Euphorbza.

307 307 417 349 sulis
445 305 607 349 infimis
637 306 832 350 obovatis
855 306 1164 351 obtusiusculis
1201 305 1243 347 in
1285 303 1489 357 petiolum
1527 304 1705 346 brevem
1743 307 1989 357 attenuatis,

303 365 606 419 superioribus
647 368 690 406 et
725 365 1034 408 umbellaribus
1066 362 1378 407 subsessilibus
1414 362 1810 416 oblongo-ellipticis
1848 364 1984 407 acutis

302 427 455 477 argute
494 423 795 475 denticulatis,
841 424 1064 467 floralibus
1104 420 1438 474 triangularibus
1479 421 1725 469 diminutis,
1771 422 1983 466 involucri

302 481 512 524 turbinati
546 481 663 525 intus
691 482 972 525 liirsutissimi
1000 481 1107 524 lobis
1131 480 1226 522 latis
1249 479 1459 521 truncatis
1491 479 1654 528 cibatis,
1693 480 1869 532 capsula
1897 481 1985 534 glo·

302 537 406 581 bosa
430 541 638 593 depressa
662 540 874 594 profunde
895 541 1069 583 trisulca
1094 539 1190 592 pilis
1214 537 1371 590 patulis
1395 537 1563 592 hispida
1599 537 1679 579 sub
1712 539 1825 580 lente
1861 550 1983 592 aspe-

301 598 410 648 rula,
452 598 615 641 semiue
653 598 825 652 globoso
849 599 1083 642 tuberculis
1119 596 1289 638 seriatis
1319 595 1721 639 subconssuentibus
1754 597 1984 639 alveolato-

300 656 538 710 reticulato,
583 661 817 702 caruncula
856 658 1028 700 minima
1060 654 1402 709 globoso-conica
1439 659 1502 704 Ε).
1567 654 1705 697 Boiss.
1749 655 1887 709 Euph.
1926 655 1979 698 Ic.

298 714 385 757 tab.
424 717 491 758 86.

296 833 325 870 G
343 787 443 870 Hlalb.
462 789 503 824 in
523 790 768 835 rupestribus
786 789 969 826 calcareis
986 787 1109 832 Syriae
1126 785 1309 822 littoralis
1336 786 1385 822 ad
1403 786 1617 831 Berythum
1638 788 1675 822 et
1695 785 1882 822 Sidonem
1899 786 1978 831 (ΒΗ

335 838 715 939 z³210erhelz'oscopicic*
732 891 913 927 umbellis
930 890 1092 925 minutis
1108 889 1234 934 magis
1254 889 1479 935 compactis,
1497 888 1660 934 capsula
1677 887 1814 935 pilosa,
1829 888 1977 924 semine

297 945 376 973 non
394 941 519 985 acuto,
537 939 710 975 reticulis
728 939 887 974 seminis
906 948 985 973 non
1004 936 1211 982 continuis,
1229 934 1449 981 caruncula,
1466 935 1660 971 distincta.

358 1048 427 1090 61.
462 1048 518 1090 E.
551 1047 887 1103 oxyodonta
931 1047 1088 1103 (Boiss
1126 1049 1167 1088 et
1199 1044 1384 1087 Haussk.
1418 1044 1460 1086 in
1495 1045 1679 1088 Haussk.
1720 1057 1811 1087 exs.
1846 1045 1980 1100 1867)

298 1118 441 1149 annua
466 1107 564 1160 pilis
592 1108 727 1160 longis
751 1107 908 1161 patulis
932 1105 1097 1159 sparsis
1121 1103 1352 1158 liispidula,
1383 1104 1576 1146 caulibus
1601 1116 1622 1145 e
1649 1103 1756 1146 collo
1781 1103 1978 1156 pluribus

297 1165 421 1208 nanis
448 1166 604 1208 erectis
629 1169 670 1208 et
694 1165 1048 1208 decumbentibus
1070 1162 1354 1216 simplicibus,
1396 1162 1509 1205 foliis
1546 1162 1759 1216 profunde
1786 1165 1828 1204 et
1854 1165 1977 1204 acute

298 1224 722 1277 pectinato-dentatis
756 1224 915 1266 infimis
953 1222 1193 1266 minoribus
1244 1221 1650 1275 ovato-spathulatis
1686 1222 1729 1263 in
1770 1220 1977 1275 petiolum

297 1281 473 1324 brevem
501 1283 732 1326 attenuatis
753 1283 918 1326 caeteris
945 1281 1172 1324 sessilibus
1195 1280 1411 1333 ellipticiS,
1435 1280 1658 1322 floralibus
1685 1280 1835 1330 ovatis,
1860 1279 1977 1323 invo-

299 1338 403 1383 lucri
446 1342 653 1384 turbinati
689 1341 825 1394 glabri
865 1342 972 1384 lobis
1013 1341 1109 1383 latis
1145 1339 1361 1390 ciliatulis,
1404 1339 1578 1393 capsula
1617 1339 1765 1392 glabra
1802 1338 1977 1391 globosa

300 1397 505 1454 depressa
529 1401 739 1454 profunde
765 1400 1001 1449 trisulcam,
1040 1398 1204 1442 semine
1238 1401 1362 1440 ovato
1395 1398 1548 1440 obtuso
1577 1398 1775 1441 elevatim
1811 1398 1974 1440 favoso-

297 1459 537 1512 reticulato,
564 1459 792 1501 caruncula
814 1458 1125 1512 hemispherica
1151 1457 1283 1498 latere
1309 1456 1505 1499 interiori
1530 1458 1678 1500 retusa
1704 1461 1767 1508 Θ.

341 1532 440 1568 Hah.
471 1524 701 1580 inpetrosis
733 1536 770 1569 et
797 1534 949 1569 fissuris
967 1534 1151 1569 calcareis
1181 1530 1230 1566 ad
1248 1531 1478 1575 Turmanin,
1510 1532 1584 1567 Ain
1611 1532 1647 1568 el
1667 1531 1819 1574 Beitha,
1850 1531 1971 1567 Gebel

293 1577 507 1615 Muhassan
536 1591 656 1626 prope
675 1580 826 1626 Aleppo
855 1583 893 1615 et
921 1582 959 1615 in
986 1580 1270 1627 Mesopotamia.
1300 1590 1421 1626 prope
1439 1579 1534 1615 Orsa
1563 1579 1610 1615 ad
1634 1578 1906 1624 Nimruddagh
1937 1579 1973 1614 et

292 1625 415 1662 Gebel
435 1627 587 1663 Taktak
607 1628 830 1673 (Haussk!).
856 1628 912 1663 Fl.
931 1628 1041 1663 Mart.

341 1684 480 1720 Caules
497 1684 798 1730 3-4-pollicares,
829 1684 922 1720 folia
946 1686 1095 1730 majora
1115 1685 1181 1721 6-8
1197 1685 1319 1720 lineas
1338 1684 1468 1729 longa.
1505 1682 1566 1718 Ab
1585 1683 1691 1718 affini
1711 1681 1756 1718 Ε.
1775 1679 1972 1728 Berythed

289 1730 530 1814 gossitiizcatssute
557 1731 773 1777 pectinatis,
804 1731 963 1778 capsula
991 1732 1138 1779 glabra,
1167 1732 1328 1768 seminis
1354 1731 1480 1767 cristis
1507 1731 1631 1775 magis
1657 1728 1973 1776 prominentibus

536 1893 545 1904 ⁴
565 1894 574 1904 “
594 1893 604 1904 ·
623 1893 632 1904 ·
661 1892 819 1928 Semina
836 1894 1055 1929 transverse
1075 1892 1269 1928 foveolato
1288 1892 1352 1928 vel
1371 1892 1714 1927 sulcato-exarata.

994 1973 1025 2008 1.
1050 1973 1255 2009 PerenneS.

346 2052 412 2092 62.
447 2051 500 2094 Ε.
536 2051 739 2096 Cassia
782 2053 940 2106 (Boiss.
982 2055 1131 2107 Diagn.
1172 2054 1264 2097 Ser.
1297 2053 1329 2105 I,
1376 2055 1436 2101 12,
1476 2067 1516 2108 p.
1555 2051 1655 2107 108)
1691 2052 1838 2106 glabra
1874 2053 1966 2097 basi

287 2110 599 2153 suffrutescens
625 2112 896 2163 multicauliS,
932 2113 1125 2156 caulibus
1161 2113 1348 2156 tenuiter
1373 2112 1549 2165 virgatis
1582 2113 1737 2155 erectis
1768 2112 1968 2166 rigidulis

285 2168 434 2211 crebre
457 2169 617 2211 foliosis
639 2171 990 2224 subsimplicibus
1018 2173 1083 2216 vel
1109 2184 1298 2226 superne
1320 2172 1560 2214 dichotome
1592 2171 1838 2222 ramulosis,
1871 2184 1963 2214 um-

283 2224 405 2269 bellis
432 2228 575 2281 parvis
603 2228 793 2273 breviter
828 2234 869 2271 et
903 2231 1172 2286 inaequalitcr
1196 2231 1465 2274 2-3-radiatis
1497 2231 1715 2273 interdum
1754 2230 1804 2272 ad
1842 2231 1963 2273 invo-

282 2283 451 2328 lucrum
470 2287 710 2329 solitarium
733 2289 938 2342 reductis,
964 2290 1093 2334 radlis
1117 2290 1374 2332 brevissime
1402 2290 1545 2332 bifidis
1573 2288 1790 2332 interdum
1816 2302 1960 2332 mono·

282 2344 488 2398 cephalis,
522 2345 633 2387 foliis
675 2349 818 2399 parvis
856 2348 1084 2391 sessilibus
1122 2349 1283 2392 strictis
1320 2361 1477 2390 vernes
1515 2347 1676 2401 apicem
1716 2348 1881 2391 minute
1920 2352 1966 2391 et

281 2407 446 2446 remote
474 2405 699 2446 serrulatis
725 2406 1002 2450 inferioribus
1030 2407 1494 2461 oblongo-spattmlatis
1531 2407 1696 2450 obtusis
1726 2408 1961 2461 superiori-

280 2458 362 2504 bus
401 2462 817 2508 lineari-lanceolatis
858 2467 1009 2516 acutis,
1052 2467 1360 2509 umbellaribus
1404 2467 1547 2509 radios
1589 2466 1959 2521 suliaequantibus,

280 2518 504 2563 floralibus
532 2535 553 2562 a
578 2522 670 2564 basi
688 2524 810 2567 valde
831 2527 1048 2568 attenuata
1069 2525 1434 2575 ovato-rltombcis
1457 2526 1724 2577 acuminatis,
1747 2525 1959 2569 involucri

279 2580 808 2633 turbinato-campanulati
835 2584 942 2626 lobis
973 2585 1055 2626 late
1088 2587 1130 2626 et
1162 2584 1355 2626 breviter
1379 2586 1515 2627 ovat-is
1540 2584 1709 2637 cibatis,
1745 2584 1960 2636 glandulis

279 2638 530 2681 transverse
574 2639 780 2694 oblongis,
824 2643 1010 2695 capsulae
1052 2642 1269 2696 depressae
1312 2644 1433 2686 laevis
1472 2643 1685 2697 profunde
1725 2643 1959 2685 trisulcatae

278 2697 412 2739 coccis
447 2697 576 2740 dorso
610 2699 912 2752 subcarinatis‚
951 2702 1113 2744 semine
1146 2702 1303 2744 ssavido
1346 2702 1523 2746 foveolis
1563 2703 1630 2745 vel
1666 2702 1790 2744 lineis
1824 2705 1960 2744 trans-

277 2756 418 2797 versis
443 2756 649 2799 brevibus
687 2759 820 2811 nigris
852 2760 1182 2813 superficialiter
1206 2763 1395 2813 exarato,
1429 2763 1662 2804 caruncula
1688 2761 1863 2803 minima
1893 2760 1959 2803 vel

275 2814 396 2856 nulla
419 2820 452 2863 5.
489 2815 629 2859 Boiss.
655 2817 790 2871 Euph.
816 2818 872 2860 Ic.
902 2818 985 2860 tab.
1011 2820 1079 2862 88.

321 2885 422 2922 Hah.
441 2888 481 2923 in
503 2889 696 2925 umbrosis
724 2892 894 2936 regionis
925 2894 1120 2927 montanae
1150 2893 1284 2939 Syriae,
1316 2904 1429 2930 mons
1454 2895 1615 2931 Cassius
1640 2896 1740 2931 inter
1763 2894 1957 2931 Latakieh

276 2934 312 2968 et
337 2934 509 2971 Suadieh
539 2937 714 2983 (Boissl)‚
741 2939 919 2974 Libanus
950 2939 998 2974 ad
1025 2939 1222 2986 Beckfaya
1252 2941 1355 2987 (1311)
1387 2945 1423 2978 et
1452 2941 1743 2980 Beitkhaschbo
1784 2942 1957 2989 (Gaillt),

274 2987 393 3026 supra
410 2981 622 3029 Berytbum
643 2984 787 3031 (Ehrt),
808 2986 962 3033 Cyprus
980 2987 1071 3033 (Ky.
1087 2986 1205 3033 9231).
