2100 3262
263 198 310 233 24
976 204 1261 231 PRIMULACEAE.
1761 198 1965 236 Primum.

327 282 366 322 3.
403 278 459 320 P.
499 274 844 321 floribunda
883 277 1033 332 (Wall.
1068 278 1190 321 Tent.
1230 276 1343 336 Nap.
1372 277 1457 321 tab.
1487 276 1560 333 33)
1593 278 1754 322 hirtula
1786 280 1974 335 insuper

264 339 464 392 partibus
489 337 741 390 Junioribus
765 337 1206 391 albo-pulverulenta,
1226 336 1341 380 foliis
1367 337 1599 391 rugulosis¹
1617 338 1793 381 venosis
1821 342 1969 383 ovato-

269 398 466 451 oblongis
502 396 670 439 obtusis
697 394 970 449 inaequaliter
1008 396 1196 440 dentatis
1227 396 1273 439 in
1305 396 1515 450 petiolum
1544 397 1795 449 attenuatis,
1829 399 1973 453 scapis

267 456 471 511 pluribus
497 456 653 497 erectis
680 455 857 508 pumilis
887 455 985 498 folia
1018 455 1345 511 superantibus,
1379 455 1539 499 florum
1576 456 1788 499 verticillo
1818 458 1968 499 termi-

266 516 370 567 nali,
393 514 609 557 involucri
633 513 794 567 phyllis
821 513 1017 568 oblongis
1044 515 1112 557 vel
1141 515 1594 568 oblongo-lanceolatis
1626 515 1814 558 dentatis
1844 516 1969 570 pedi·

266 573 388 617 cellis
417 572 712 621 brevioribus.
740 573 897 626 calycis
930 574 1033 617 hIrti
1061 574 1177 617 ultra
1197 573 1391 616 medium
1412 574 1561 628 partiti
1584 573 1751 617 laciniis
1772 575 1969 618 breviter

270 633 520 676 lanceolatis
556 632 751 685 integris,
778 633 949 676 corollae
978 634 1108 677 luteae
1139 633 1266 677 hirtae
1298 632 1402 676 tubo
1439 633 1583 688 calyce
1613 633 1744 687 triplo
1775 634 1969 688 longiore

266 690 389 735 li'mbi
416 691 582 734 laciniis
603 692 767 734 retusis
801 698 863 740 26.

316 766 417 803 Hah.
438 767 487 802 ad
505 767 705 812 margines
723 767 899 802 rivorum
919 767 959 802 in
977 766 1193 813 Affghania.
1206 767 1256 803 ad.
1273 766 1426 804 Pushut
1443 766 1573 812 (Griff.
1591 767 1678 804 ltin.
1699 767 1791 804 Not.
1811 778 1848 815 p.
1865 767 1969 813 338).

315 830 518 877 Spectmen
552 830 667 866 valde
687 830 958 877 imperfectum
989 830 1146 866 corollis
1179 830 1258 867 iere
1288 831 1493 867 destructis
1522 830 1606 866 vidi
1637 830 1707 867 sed
1738 833 1783 867 ut
1813 831 1974 868 videtur

269 878 417 925 plantae
436 877 670 913 Himalaicae
689 887 736 913 ex
755 877 909 913 viciniis
925 877 1077 914 Simlah
1096 879 1137 914 in
1150 878 1246 915 East
1261 877 1343 914 Ind.
1359 877 1495 926 Comp.
1513 874 1633 915 Herb.
1652 878 1704 919 N?
1720 872 1815 915 3817
1830 879 1972 915 simile.

313 942 377 978 Ar.
404 940 536 988 Geoqr.
563 940 686 988 Regio
704 941 936 979 Himalaica.

328 1072 452 1116 SECT.
490 1072 543 1114 ΙΙ.
582 1071 919 1117 ΡΒΙΜυιΑεΤΒυΜ
956 1071 1080 1128 Daby
1112 1073 1158 1115 in
1190 1087 1271 1118 n.c.
1300 1073 1454 1116 Prodr.
1481 1095 1538 1114 -—-.
1566 1073 1687 1116 Folia
1714 1073 1973 1117 vernatione

570 1133 817 1177 revolutiva
845 1146 1003 1187 rugosa
1030 1146 1117 1176 non
1141 1134 1345 1188 sarinosa‚
1368 1133 1501 1175 flores
1527 1133 1975 1188 umbellam-capitati,

567 1194 692 1248 calyx
717 1196 869 1247 argute
895 1194 1142 1247 angulatus.

330 1330 370 1370 4.
405 1325 461 1368 Ρ.
494 1325 722 1371 acaulis
750 1326 890 1381 (Jacq.
924 1327 1040 1369 Misc.
1068 1326 1100 1377 Ι,
1139 1326 1240 1380 158)
1266 1325 1379 1369 foliis
1405 1324 1810 1379 obovato-oblongis
1840 1338 1977 1379 rugu-

273 1388 377 1431 losis
403 1387 592 1431 dentatis
621 1386 778 1430 subtus
806 1386 858 1429 ad
886 1398 1021 1429 venas
1048 1387 1116 1428 vel
1145 1385 1304 1440 ubique
1329 1384 1458 1427 hirtis
1485 1384 1530 1426 in
1558 1384 1767 1439 petiolum
1794 1384 1974 1427 brevem

271 1449 435 1491 sensim
459 1446 706 1495 attenuatis,
725 1446 867 1499 scapis
889 1445 1089 1489 unissoris
1112 1445 1359 1488 numerosis
1382 1444 1480 1487 solia
1495 1443 1771 1498 aequantibus
1789 1443 1859 1487 vel
1877 1443 1978 1486 bre-

270 1507 468 1550 vioribus
496 1506 728 1559 calyceque
753 1505 942 1548 molliter
967 1505 1133 1559 pilosis,
1162 1504 1320 1558 calycis
1347 1507 1472 1547 acute
1500 1502 1740 1557 prismatici
1769 1503 1976 1546 dentibus

271 1566 520 1610 lanceolatis
553 1564 826 1618 acuminatis,
863 1565 1036 1608 corollae
1074 1565 1197 1606 flavae
1233 1563 1364 1606 limbo
1398 1563 1525 1617 plano
1559 1562 1740 1605 limbum
1775 1565 1977 1616 aequante

274 1626 441 1668 laciniis
470 1624 716 1668 obcordatis
754 1630 790 1672 26
806 1658 813 1666 .
842 1625 899 1666 Ic.
927 1623 1060 1667 Rchb.
1090 1624 1176 1667 tab.
1202 1624 1270 1665 50.
1296 1648 1350 1653 —
1379 1623 1430 1665 P.
1455 1620 1737 1675 yrandiflora
1766 1622 1889 1664 Lam.¹
1912 1621 1976 1663 Fl.

271 1685 340 1728 Fr.
367 1685 421 1738 ΙΙ,
450 1697 488 1739 p.
520 1685 620 1727 248.
644 1707 698 1714 —
724 1682 773 1725 Ρ.
799 1682 1030 1736 sylvestres
1054 1683 1177 1738 Scop.
1204 1706 1263 1714 —
1287 1682 1336 1724 P.
1360 1681 1477 1724 veris
1504 1694 1593 1724 var.
1617 1679 1787 1723 acaulz‘s
1810 1679 1857 1723 L.

322 1759 422 1795 Hab.
435 1760 475 1795 in
494 1758 669 1794 humidis
688 1758 738 1794 ad
755 1759 881 1794 fontes
901 1760 938 1793 et
955 1757 1154 1793 umbrosis
1171 1755 1344 1802 regionis
1355 1758 1556 1792 montanae
1571 1756 1608 1790 et
1621 1754 1736 1790 subal
1768 1753 1980 1797 inae,Pelo-

274 1818 476 1853 ponnesus
501 1809 541 1842 in
566 1806 744 1851 Taygeto
770 1811 807 1842 et
829 1808 961 1841 monte
988 1804 1145 1841 Menalo
1170 1804 1363 1848 (Heldrl),
1391 1802 1560 1849 Kyllene
1585 1801 1733 1838 3000’-4
1783 1801 1816 1837 O'
1840 1800 1978 1848 (Orph.

274 1855 334 1891 Fl.
367 1855 433 1891 Gr.
465 1865 544 1891 exs.
571 1854 692 1900 3302),
720 1854 834 1890 Creta
863 1854 904 1888 in
930 1852 1124 1900 Eparchia
1157 1851 1363 1887 Kissamos
1392 1850 1496 1887 1500'
1527 1849 1718 1896 (Heldrl),
1749 1848 1980 1885 Macedonia

275 1903 436 1943 (Griseb
446 1905 483 1948 !),
493 1902 682 1938 Anatolio.
692 1902 774 1937 bor.
791 1901 830 1936 in
843 1904 975 1936 monte
990 1899 1172 1945 Aladagh
1184 1899 1314 1943 <Wied
1324 1901 1350 1939 l)
1364 1898 1463 1935 etad
1481 1898 1769 1944 Trapezuntem
1784 1896 1981 1942 (Bouigl),

275 1949 424 1986 Tauria
445 1951 495 1987 ad
521 1949 812 1996 Sympheropol
843 1948 952 1993 (Stev
968 1950 1006 1993 l),
1034 1947 1170 1983 Cilicia
1191 1946 1392 1982 orientalis
1419 1946 1461 1980 in
1492 1945 1641 1980 ditione
1667 1944 1822 1980 Kassan
1848 1942 1981 1989 Oghlu

273 1998 420 2035 4-6000'
439 2001 477 2034 et
495 1997 618 2044 Syriae
638 2008 752 2033 mons
770 1998 950 2032 Amanus
964 1995 1068 2032 4500’
1089 1994 1217 2040 (Ky!),
1231 1994 1407 2030 Libanus
1425 1993 1526 2029 circa
1542 1992 1653 2028 Eden
1665 1991 1816 2037 (Boissl
1830 1989 1983 2036 Gailll),

273 2045 408 2083 Persia
425 2045 731 2082 boin-orientalis
751 2055 871 2091 supra
889 2041 1111 2080 Asterabad
1130 2042 1276 2088 (Egel).

333 2112 376 2166 β.
412 2124 552 2155 rosea.
594 2135 649 2142 —
692 2110 862 2153 Corolla
901 2121 1127 2163 purpurea
1161 2119 1287 2151 rosea
1322 2107 1393 2150 vel
1428 2105 1537 2149 alba.
1573 2129 1628 2135 —
1657 2103 1713 2146 Ic.
1747 2103 1812 2146 Fl.
1842 2100 1980 2146 Graec.

273 2173 359 2216 tab.
392 2173 486 2215 184.
511 2196 564 2202 —-
583 2170 632 2213 P.
657 2169 827 2212 acaulz's
850 2168 1022 2211 Iberica
1042 2168 1197 2211 Hoffm.
1225 2191 1274 2199 —
1303 2166 1352 2208 P.
1374 2163 1619 2217 Sibtlzorpz'i
1638 2162 1773 2206 Rchb.

323 2246 424 2283 Hab.
444 2247 485 2281 in
503 2246 652 2281 Tauria
670 2244 821 2289 (δίεν),
841 2243 941 2279 circa
957 2242 1194 2286 Byzantium
1212 2243 1250 2278 et
1267 2240 1457 2276 Brussam
1475 2239 1633 2286 copiose
1653 2236 1806 2281 (Simu,
1825 2235 1946 2271 Cadet
1958 2237 1979 2280 l,

274 2294 434 2377 {arbey
452 2297 472 2338 !,
492 2294 590 2338 eto),
601 2292 726 2328 Ponto
745 2291 883 2328 Lazico
899 2291 949 2326 ad
967 2282 1086 2326 R'hize
1101 2289 1242 2335 (Ball),
1259 2288 1301 2324 in
1319 2285 1628 2325 Transcaucasia
1644 2286 1726 2321 tota
1743 2286 1780 2320 et
1792 2283 1980 2319 Armenia

310 2342 437 2378 ossica
453 2340 692 2377 communis!

324 2405 386 2440 Ar.
401 2405 534 2449 Geoqr.
555 2403 713 2450 Europa
730 2403 812 2439 tota
824 2413 846 2438 a
856 2400 1119 2438 Scandinavia
1129 2400 1180 2436 ad
1194 2400 1377 2437 Rossiam
1392 2398 1606 2435 australem
1621 2397 1659 2433 in
1680 2394 1984 2432 australioribus

276 2454 466 2488 montana
484 2454 521 2487 et
543 2450 768 2498 subalpina,
788 2450 919 2486 Africa.
934 2449 1120 2485 borealis.

339 2579 377 2620 5.
410 2576 469 2620 P.
500 2574 822 2620 officinalis
849 2575 987 2630 (Jacq.
1014 2575 1131 2618 Misc.
1163 2573 1197 2626 I,
1229 2585 1269 2628 p.
1302 2571 1404 2626 159)
1427 2572 1541 2615 soliis
1574 2565 1985 2621 oblongo-ellipticis

278 2638 501 2690 rugulosis
528 2637 572 2678 in
607 2635 817 2690 petiolum
854 2636 1017 2677 alatum
1052 2633 1216 2677 sensim
1250 2633 1395 2676 rarius
1427 2631 1616 2686 abrupte
1647 2625 1986 2671 decurrentibus

279 2699 436 2741 subtus
452 2696 580 2739 hirtis
593 2694 994 2744 subconcoloi·iblxs‚
1007 2693 1147 2746 scapis
1167 2691 1448 2735 umbelliferis
1464 2689 1648 2733 floribus
1665 2684 1984 2730 unilateraliter

280 2757 552 2808 nutantibus,
579 2754 797 2797 involucri
823 2754 986 2808 phyllis
1018 2765 1040 2794 a
1068 2752 1160 2794 basi
1195 2752 1281 2794 lala
1306 2751 1536 2795 subulatis.
1564 2749 1707 2802 calyce
1730 2743 1984 2809 tomentellf)

281 2814 746 2870 cylindrico-obconico
769 2817 921 2866 argute
940 2811 1139 2865 angulato
1166 2811 1338 2854 corollae
1365 2821 1451 2852 non
1479 2808 1689 2862 adpresso
1706 2804 1818 2848 iobis
1839 2804 1984 2845 brevi-

281 2877 364 2918 bus
396 2875 560 2926 ovatis,
594 2873 764 2916 corollae
802 2874 931 2915 luteae
967 2871 1097 2913 limbo
1132 2882 1317 2913 concavo
1351 2869 1446 2911 basi
1477 2866 1842 2922 quinqueguttato
1879 2862 1985 2904 tubo

282 2935 418 2977 multo
451 2934 652 2976 breviore
688 2938 750 2980 26.
781 2931 829 2974 P.
860 2931 973 2973 veris
1004 2942 1094 2972 var.
1125 2928 1359 2983 officinalis
1388 2927 1433 2970 L.
1469 2927 1539 2982 Sp.
1575 2926 1668 2977 107,
1696 2924 1751 2966 Ic.
1783 2922 1845 2964 Fl.
1874 2921 1985 2963 Dan.

282 2993 366 3036 tab.
391 2994 488 3035 433.
520 3017 573 3022 —
592 2992 725 3034 Rchb.
749 2990 806 3034 Ic.
838 2990 919 3033 tab.
951 2991 1017 3031 49.
