2100 3262
286 213 353 249 714
1031 220 1233 248 LAmATAE.
1798 210 1992 250 Sideritis.

286 292 510 335 latioribus
553 292 595 331 iu
639 290 862 343 cuspidem
914 291 1104 344 patulam
1144 293 1213 335 vel
1255 303 1488 335 recurvam
1527 291 1714 346 abrupte
1756 293 1998 336 attenuatis

286 353 415 393 flores
443 348 771 402 superantibus,
798 350 956 402 calycis
989 350 1144 394 viridis
1179 351 1382 405 puberuli
1411 350 1617 393 dentibus
1653 350 1902 393 lanceolatis
1937 352 1994 393 ri-

283 410 393 462 gidis
420 408 573 450 ciliatis
598 408 802 450 corollam
828 407 1191 463 subaequantibus
1213 409 1318 453 tubo
1345 408 1713 452 subbrevioribus
1747 415 1810 458 26.

331 484 430 519 Hal).
451 485 490 519 in
508 483 622 519 siccis
641 484 814 528 regionis
832 484 1027 520 interioris
1046 486 1084 520 et
1102 487 1301 522 montanae
1320 485 1463 521 Libani
1481 495 1602 531 supra
1618 484 1772 532 Tripoli
1795 496 1920 532 usque
1946 516 1965 520 ..

283 530 391 566 Eden
413 531 524 575 (ΒΗ),
542 541 659 576 supra
681 530 867 566 Sidonem
888 531 1063 577 (Gauii),
1085 532 1136 568 ad
1160 533 1323 568 Anubin
1341 532 1447 569 3500’
1471 532 1562 578 (Ky.
1581 532 1703 577 3621),
1725 532 1766 567 in
1792 533 1993 568 palestina

282 588 403 624 prope
421 578 615 613 Nazareth
634 577 783 621 (Bovel
803 577 917 614 Siebl
939 579 1051 614 Auch
1069 581 1076 614 l
1096 579 1254 626 Gailll).

330 643 472 678 Caules
501 643 619 688 rigidi
646 653 751 689 saepe
784 643 833 678 tri
864 643 995 680 edales
1025 645 1230 690 tetragoni,
1260 644 1357 681 folia
1389 644 1563 681 coriacea
1588 643 1830 690 2-4-pollices
1860 643 1996 690 longa,

281 689 545 725 verticillastri
569 689 797 726 mediocres.
861 691 987 737 pecies
1005 693 1233 727 ramositato.
1251 695 1288 728 et
1308 691 1475 727 bracteis
1496 691 1611 727 valde
1636 692 1995 727 nervoso-exaratis

281 737 459 782 insignis.

341 847 411 888 23.
448 845 499 889 S.
534 846 853 901 pertoliata
883 846 950 902 (L.
974 846 1047 901 Sp.
1071 848 1179 902 892)
1209 848 1407 901 partibus
1427 848 1678 903 junioribus
1708 848 1833 901 longe
1868 847 1989 891 albo·

281 905 448 949 hirsuta
479 906 547 948 vel
570 905 711 948 lanata
739 905 914 948 demum
938 906 1217 959 glabrescens
1242 906 1438 949 breviter
1470 907 1818 949 viscidulo-hirta
1855 907 1990 950 flavo-

279 965 444 1012 virens,
473 964 671 1007 caulibus
693 965 856 1007 crassis
883 965 1006 1009 elatis
1033 965 1176 1008 rarius
1204 965 1478 1019 simplicibus
1504 966 1666 1025 saepius
1694 966 1845 1008 stricte
1870 967 1987 1019 pani-

279 1024 444 1073 culatis,
483 1023 593 1066 foliis
638 1024 806 1077 magnis
846 1024 1052 1067 coriaceis
1092 1024 1216 1066 valde
1257 1025 1457 1067 nervosis
1493 1025 1657 1068 infimis
1693 1024 1735 1066 in
1778 1024 1987 1078 petiolum

277 1083 513 1125 attenuatis
532 1082 789 1132 minoribus,
807 1084 977 1127 caeteris
991 1083 1495 1138 semiamplexicaulibus
1509 1084 1706 1137 oblongis
1720 1087 1764 1126 et
1778 1083 1986 1135 oblongo-

279 1142 529 1184 lanceolatis
567 1142 846 1185 denticulatis
878 1144 1016 1186 acutis
1054 1143 1121 1185 vel
1157 1142 1430 1190 acuminatis,
1467 1142 1790 1186 verticillastris
1826 1142 1990 1196 saepius

279 1201 494 1243 distinctis
518 1205 560 1243 et
594 1201 876 1245 inferioribus
912 1202 1190 1251 distantibus
1225 1202 1336 1244 foliis
1374 1201 1603 1244 floralibus
1642 1201 1988 1244 membranaceis

278 1260 493 1303 viridibus
529 1260 770 1303 reticulatis
802 1261 887 1302 late
923 1261 1112 1304 cordatis
1149 1261 1275 1314 longe
1311 1261 1817 1303 acuminato-attenuatis
1854 1260 1989 1303 flores

277 1320 607 1373 superantibus,
641 1321 800 1373 calycis
824 1319 1029 1363 dentibus
1055 1320 1303 1363 lanceolatis
1332 1320 1486 1363 cilian's
1526 1324 1629 1363 tubo
1667 1320 1886 1373 glandulis
1918 1332 1988 1361 as-

277 1390 405 1431 perso
431 1377 610 1421 dimidio
638 1378 935 1430 brevioribus,
963 1379 1136 1422 corollae
1157 1379 1283 1421 flavae
1309 1379 1410 1422 tubo
1433 1379 1602 1421 incluso
1635 1385 1698 1427 26.

323 1452 424 1488 Hah.
444 1454 484 1488 in
509 1453 631 1497 siccis,
663 1452 788 1488 alveis
818 1453 993 1499 regionis
1019 1453 1216 1489 inferioris
1243 1455 1281 1489 et
1306 1455 1518 1497 montanae,
1545 1455 1652 1499 regio
1681 1452 1810 1488 media
1839 1453 1986 1487 montis

273 1501 398 1536 Athos
416 1499 656 1536 Macedoniae
671 1500 819 1544 (Janka
831 1502 874 1546 1),
889 1503 1044 1537 montes
1060 1501 1240 1547 Smyrnae
1253 1511 1370 1547 supra
1387 1500 1616 1536 Bournabat
1631 1500 1809 1545 (Boissl),
1829 1500 1986 1535 Taurus

274 1547 521 1594 Pamphylus
541 1547 733 1592 (Heldr!)‚
759 1547 897 1583 Cilicia
916 1558 1037 1594 prope
1056 1548 1232 1584 Mei-sina
1257 1551 1295 1583 et
1316 1547 1447 1584 Giilek
1465 1547 1571 1592 (Ball
1590 1547 1700 1594 Kyl)‚
1727 1547 1841 1591 Syria
1863 1556 1985 1593 prope

273 1595 524 1630 Antiochiam
546 1597 584 1630 et
602 1594 640 1629 in
664 1594 867 1630 montibus
890 1595 1081 1631 Latakieh
1102 1596 1117 1640 (
1124 1595 1236 1631 Boiss
1248 1597 1288 1640 l).

332 1659 375 1713 β.
410 1659 691 1701 condensata.
732 1683 788 1689 -—
814 1659 1119 1701 Verticillastri
1150 1660 1194 1701 in
1230 1659 1373 1713 spicas
1399 1659 1605 1711 oblongus,
1634 1662 1852 1702 comestas
1879 1671 1979 1700 con-

275 1719 460 1767 densati,
490 1719 651 1760 corolla
675 1728 791 1771 saepe
820 1730 941 1761 rosea
968 1719 1034 1760 vel
1061 1730 1402 1773 purpurascens.

322 1792 421 1828 Hah.
438 1792 479 1827 in
497 1792 667 1828 dumetis
678 1801 799 1838 prope
817 1791 1088 1838 Karabiyukle
1104 1792 1211 1829 4000'
1222 1793 1323 1828 inter
1336 1791 1485 1827 Aintab
1504 1794 1541 1828 et
1555 1791 1739 1827 Marasch
1751 1791 1982 1837 (Hausskl)‚

272 1839 374 1875 circa
395 1839 596 1885 Beyrouth
616 1838 680 1883 (111
692 1840 730 1885 l).

318 1903 473 1949 Species
492 1912 650 1938 erronee
668 1903 707 1937 in
728 1902 861 1938 Sicilia
879 1904 916 1938 et
936 1902 1130 1949 Hispania
1152 1902 1335 1938 indicata.

929 2055 1099 2108 Species
1127 2054 1322 2097 delenda.

331 2181 371 2223 S.
398 2181 560 2223 incana
586 2181 634 2222 L.
659 2180 689 2234 β
716 2181 1054 2233 ίναρονὶραηαηι
1075 2182 1176 2224 Bth.
1216 2182 1259 2224 in
1294 2194 1377 2224 nc.
1414 2181 1566 2224 Prodr.
1607 2181 1701 2231 XII,
1730 2193 1770 2235 p.
1808 2182 1895 2222 444
1927 2194 1980 2223 ex

271 2241 507 2295 specimine
531 2239 651 2282 berb.
680 2240 980 2283 Bentliamiani
1009 2245 1077 2283 est
1103 2241 1278 2283 omnino
1305 2240 1349 2284 S.
1376 2240 1538 2282 incana
1564 2240 1797 2295 Hispanica
1825 2240 1978 2293 proba-

269 2300 477 2342 bilissime
500 2311 553 2341 ex
581 2299 800 2341 schedulae
821 2300 1155 2344 commutatione
1179 2301 1363 2344 erronee
1389 2311 1443 2342 ex
1466 2298 1592 2342 Creta
1618 2299 1820 2342 indicata.

780 2478 1002 2526 STACHYS
1030 2478 1090 2540 (L.
1126 2479 1225 2527 Gen.
1252 2479 1308 2526 N⁰
1336 2479 1461 2537 719).

326 2611 460 2664 Calyx
494 2612 1050 2665 tubuloso-canipanulalus
1089 2613 1398 2655 5-lO—uervius
1438 2624 1514 2655 ore
1549 2612 1728 2667 aequalis
1772 2613 1833 2655 vel
1871 2612 1976 2654 rbli-

267 2683 379 2724 quus
405 2672 550 2713 rarius
570 2670 900 2714 subbilabiatus.
927 2670 1109 2713 Corollae
1127 2672 1260 2714 tubus
1285 2672 1553 2726 cylindricus
1575 2672 1757 2725 {equalis
1775 2671 1975 2714 inclusus

268 2732 410 2772 rarius
453 2731 648 2773 breviter
680 2739 882 2773 exsertus
916 2732 1035 2773 intus
1075 2731 1367 2773 transversim
1406 2731 1474 2772 vel
1514 2731 1691 2785 oblique
1732 2731 1973 2773 annulatim

266 2789 433 2842 pilosus
471 2789 694 2832 rarissime
733 2789 891 2838 nudus,
932 2789 1091 2832 limbus
1133 2789 1367 2832 bilabiatus
1405 2789 1516 2832 labio
1556 2790 1786 2844 superiore
1829 2795 1973 2832 erecto

266 2850 433 2900 integro
460 2848 524 2890 vel
553 2853 702 2890 retuso
731 2849 955 2891 rarissime
991 2849 1121 2890 bifido
1152 2860 1267 2901 saepe
1296 2848 1603 2897 sublornicatQ
1640 2849 1844 2891 inferiore
1880 2849 1971 2890 lon·

265 2908 382 2959 glore
411 2910 583 2961 patente
612 2907 769 2949 trilobo
806 2907 957 2949 lacinia
987 2907 1128 2950 media
1158 2908 1361 2950 maxima.
1407 2907 1599 2950 Stamina
1632 2912 1823 2962 quatuor
1851 2907 1972 2961 didy-

267 2979 388 3007 nama
408 2969 581 3009 exserta
605 2966 888 3009 inferioribus
917 2967 1185 3020 longioribus
1212 2966 1436 3009 defloratis
1460 2978 1575 3020 saepe
1598 2967 1652 3009 ad
1677 2967 1810 3009 latera
1834 2966 1969 3009 faucis
