2065 3271
89 256 351 304 Callzyonum.
817 267 1079 294 PoLYGomzAE.
1726 261 1797 297 999

133 337 358 374 Achenium
384 347 472 374 curn
503 337 579 372 alis
613 337 879 374 orbiculatum
909 339 974 375 5-6
1006 339 1132 375 lineas
1159 338 1278 374 diam.
1303 337 1440 385 latum,
1474 339 1666 376 denticuli
1691 340 1795 378 lente

48 396 50 402 ·
89 386 243 426 tantum
264 384 466 431 conspicui
485 386 524 419 et
545 384 740 420 inteidum
760 385 938 421 obsoleti.

131 450 193 487 Ar.
215 450 347 496 Geoqr.
369 450 513 485 Bossia
531 449 729 495 australis,
748 449 1016 486 Tuikestania
1034 449 1217 496 borealis,
1236 449 1440 496 Songaria.

143 551 181 592 2.
218 550 269 593 C.
297 549 537 605 Bunqet
565 550 822 593 fruticosum
851 551 1065 603 glabrum,
1086 552 1216 593 ramis
1244 551 1405 593 adultis
1423 551 1549 594 valde
1575 552 1791 595 flexuoso-

82 609 273 652 infractis
324 609 531 660 cinereis,
590 610 771 651 novellis
828 611 1034 652 tenuibus
1081 609 1457 662 glaucescentibus
1508 610 1757 654 divaricatis
1777 644 1786 662 ,

80 668 214 710 soliis.
237 701 243 707 .
266 701 273 708 .
298 700 324 717 .‚
350 668 514 709 achenii
541 668 595 709 ad
619 668 747 710 facies
774 668 1154 710 ovato-orbiculati
1177 670 1258 711 alis
1280 669 1623 712 membranaceis
1650 671 1788 712 ternis

80 727 145 769 vel
171 727 396 781 quaternis
429 727 767 769 membranaceis
802 727 1087 780 planiusculis
1114 731 1367 770 transverse
1393 739 1468 769 ner
1481 729 1646 771 vulosis
1675 742 1788 770 mar-

77 786 174 838 gine
201 786 392 828 obsolete
430 786 636 838 repandis
666 786 803 827 loculo
835 785 1148 829 summioribus
1180 787 1300 839 apice
1336 787 1582 829 rotundatis
1621 801 1643 829 a
1682 788 1784 842 styli

80 844 168 887 basi
197 845 345 888 liberis
371 850 406 892 5.
437 844 480 885 (J.
510 844 745 896 lripcerum
771 844 856 897 Bge
883 845 984 887 Mss.

122 916 222 952 Hah.
239 917 279 952 in
298 919 415 952 arena
434 916 574 952 mobili
594 917 738 952 Persiae
758 917 962 952 orientalis
980 916 1083 952 inter
1100 917 1274 952 Kerman
1293 919 1331 952 et
1348 917 1452 954 Yezd
1471 918 1609 965 (ssges)
1594 928 1620 963 ).

121 981 238 1017 Rami
257 984 450 1017 tortuoso·
453 980 610 1017 infracti
627 983 666 1017 et
686 981 806 1016 facies
827 980 865 1017 C.
884 981 1115 1018 dentzeulatz'
1138 992 1162 1016 a
1187 992 1266 1027 quo
1294 982 1474 1028 specifice
1502 982 1655 1019 diffeire
1677 984 1784 1019 vide-

74 1029 137 1063 tur
155 1028 312 1064 achenii
333 1029 406 1064 alis
423 1028 666 1074 subintegris
692 1030 730 1063 et
756 1028 886 1064 loculo
910 1030 979 1064 vix
1007 1028 1237 1074 latioribus;
1258 1030 1415 1064 variant
1441 1032 1562 1065 ternae
1589 1030 1654 1065 vel
1683 1042 1780 1077 qua-

73 1076 205 1111 ternae.

132 1178 169 1219 3.
206 1177 258 1221 C.
299 1176 732 1221 denticulaturn
772 1176 882 1232 (ssge
925 1177 1054 1231 Mss.)
1090 1178 1346 1221 fruticosum
1389 1178 1604 1231 glabrum,
1649 1181 1781 1222 ramis

74 1237 197 1279 valde
222 1237 430 1279 tortuosis
456 1237 660 1283 cinereis,
686 1237 866 1279 ramulis
890 1237 1135 1279 hornotinis
1165 1238 1287 1280 valde
1313 1237 1522 1280 flexuosis
1553 1242 1595 1281 et
1620 1239 1778 1280 divari-

71 1296 178 1338 catis
202 1295 597 1348 glauccscentibus,
614 1296 748 1338 foliis.
771 1327 776 1334 .
799 1326 809 1335 .
829 1328 860 1348 .‚
885 1295 1051 1338 achenii
1077 1296 1303 1339 orbiculati
1331 1297 1411 1339 alis
1435 1298 1780 1340 membranaceis

70 1354 353 1408 planiusculis
394 1354 462 1396 vel
500 1354 722 1397 undulatis
762 1359 1015 1398 transverse
1056 1356 1351 1398 multinerviis
1387 1356 1526 1398 loculo
1561 1356 1779 1410 subduplo

70 1412 293 1456 latioribus
335 1414 527 1467 margine
564 1426 716 1466 grosse
751 1413 1028 1457 denticulatis
1061 1414 1180 1468 apice
1216 1415 1386 1458 obtusis
1424 1418 1467 1459 et
1503 1428 1525 1456 a
1563 1416 1776 1469 stylorum

69 1470 159 1515 basi
186 1472 337 1515 liberis
360 1479 396 1521 5.

112 1547 214 1583 Hab.
233 1547 274 1583 in
292 1548 425 1583 Persia.
440 1546 623 1583 orientali
644 1548 747 1584 intel
763 1548 937 1584 Kerman
955 1550 993 1584 et
1012 1548 1116 1584 Yezd
1137 1548 1282 1594 (Egel).

111 1611 287 1646 Achenia
308 1621 395 1646 cum
415 1610 490 1646 alis
511 1611 544 1644 7-
550 1610 574 1647 8
590 1610 718 1647 lineas
740 1611 859 1658 longa
881 1614 919 1647 et
935 1612 1026 1657 lata,
1051 1612 1125 1647 alae
1143 1612 1223 1648 fere
1244 1616 1322 1649 tres
1347 1613 1473 1649 lineas
1496 1612 1598 1648 latae.
1633 1611 1773 1649 Diffeit

65 1667 89 1693 a
109 1657 148 1693 C.
169 1656 352 1695 Pallasz'c'c'
372 1660 411 1693 et
430 1657 469 1694 C.
487 1657 647 1695 Persico
666 1659 741 1695 alis
766 1659 891 1694 multo
912 1658 1139 1695 latioribus.

121 1761 160 1802 4.
196 1761 251 1805 C.
280 1762 680 1815 tetrapterum
705 1758 855 1817 (Jauh.
887 1764 930 1803 et
963 1760 1036 1815 Sp.
1068 1761 1132 1803 ΙΙΙ.
1163 1760 1235 1804 Or.
1265 1761 1318 1814 V,
1351 1762 1433 1804 tab.
1462 1763 1568 1813 471')
1598 1762 1773 1805 frutico-

63 1830 157 1862 sum
191 1819 404 1872 glabrum.
433 1820 563 1862 ramis
599 1819 801 1867 cinereiS.
831 1821 1013 1862 ramulis
1041 1820 1284 1863 hornotinis
1315 1822 1523 1864 tenuibus
1556 1822 1771 1864 teretibus

60 1878 451 1931 glaucescentibus‚
479 1878 593 1921 loliis
634 1879 824 1921 minimis
862 1879 1137 1921 brevissimis
1171 1880 1339 1923 ochreae
1377 1881 1562 1930 adnatis,
1603 1880 1771 1922 achenii

60 1938 171 1979 ovati
203 1938 283 1980 alis
318 1938 523 1980 coriaceis
561 1938 699 1980 loculo
733 1939 863 1992 triplo
893 1939 1222 1992 angustioribus
1265 1940 1404 1993 planis
1438 1940 1633 1994 margine
1668 1940 1770 1982 sub·

59 1995 237 2039 disticho
262 2009 310 2050 5[
318 1997 499 2039 1111110515
526 1996 715 2050 spinulis
742 1998 963 2040 interdum
990 1999 1035 2040 2-
1040 1999 1063 2039 3
1088 1998 1265 2041 turcatis
1288 2006 1323 2047 5.

102 2069 204 2105 Hab.
232 2070 270 2105 in
291 2070 581 2116 Mesopotamia
607 2070 709 2106 inter
729 2070 890 2117 Bagdad
920 2074 958 2107 et
983 2071 1137 2118 Aleppo
1167 2071 1287 2117 (Oliv.
1315 2073 1357 2108 in
1386 2072 1495 2109 herb.
1523 2073 1626 2108 Mus.
1650 2073 1767 2117 Par..)

57 2116 145 2153 Non
163 2117 258 2152 vidi.

100 2180 260 2216 Ramuli
281 2179 429 2215 novelli
448 2180 557 2215 4-10-
562 2179 783 2226 pollicares
813 2181 1023 2216 acheniuni
1049 2192 1137 2216 cum
1164 2181 1238 2217 alis
1265 2182 1329 2223 4-5
1354 2183 1483 2218 lineas
1508 2182 1672 2228 longum
1702 2181 1766 2219 3-4

54 2226 177 2263 latum
195 2227 310 2273 stylis
330 2227 634 2274 persistentibus
654 2222 1033 2274 apiculat111n,folia
1052 2229 1168 2264 oculo
1191 2230 1298 2265 nudo
1320 2231 1385 2265 vix
1405 2230 1627 2276 conspicua

113 2339 151 2379 5.
185 2337 238 2380 C.
263 2340 678 2392 stenopterum
717 2337 827 2391 (Bge
860 2337 984 2393 Mss.)
1021 2338 1277 2380 fruticosum
1307 2338 1507 2391 glabrum
1541 2338 1759 2392 glaucum,

52 2397 184 2440 ramis
225 2397 431 2439 flexuosis
469 2400 512 2438 et
559 2397 769 2439 tortuosis
810 2397 982 2446 albidis,
1032 2397 1212 2439 ramulis
1257 2397 1501 2440 hornotinis
1538 2397 1761 2450 tenuibus,

49 2455 159 2497 foliis
184 2456 400 2498 subulatis
432 2454 722 2507 brevissimis,
755 2456 922 2498 arbenii
949 2456 1121 2508 oblongi
1145 2456 1222 2498 alis
1248 2457 1592 2499 membranaceis
1619 2460 1761 2498 trans-

51 2526 173 2556 1·;;·-ῑ·.’
218 2514 466 2556 nervulosis
509 2514 649 2557 loculo
687 2515 1014 2567 angustioribus
1057 2515 1196 2568 planis
1237 2517 1428 2569 margine
1472 2516 1514 2557 in
1561 2515 1759 2570 spinulas

50 2573 273 2616 subulatas
296 2573 588 2616 subdistichas
613 2573 830 2626 simplices
855 2574 1120 2616 abeuntibus
1145 2581 1179 2622 ὁ.

95 2647 196 2683 Hab.
224 2648 265 2682 111
289 2649 426 2683 Persia
454 2648 635 2684 orientali
667 2654 705 2683 et
734 2649 820 2693 Affg
818 2649 944 2684 nanis
972 2649 1216 2696 occidentali,
1248 2649 1339 2684 Kuh
1372 2650 1383 2684 i
1413 2649 1755 2694 Boclita11‚p1·ope

46 2693 174 2730 Robat
192 2696 294 2730 inter
311 2695 434 2730 Htrat
456 2698 494 2731 et
511 2695 666 2731 Tebbes
686 2695 760 2740 (Bu
752 2698 834 2740 el).

90 2759 326 2807 Incomplete
351 2764 491 2796 notum
509 2771 557 2796 ex
576 2761 790 2807 specimine
816 2763 855 2796 in
877 2772 955 2808 quo
982 2762 1147 2797 achenia
1174 2761 1265 2796 bina
1292 2763 1330 2796 et
1355 2761 1472 2795 nimis
1491 2761 1650 2795 vetusta
1670 2761 1753 2793 tan-

44 2807 123 2841 tun]
143 2808 245 2851 vidi3
275 2808 348 2843 alis
369 2808 547 2853 angustis
569 2808 716 2844 fructus
736 2808 883 2844 accedit
912 2808 960 2843 ad
989 2808 1026 2844 C.
1049 2812 1312 2856 tetrapterum
1330 2808 1398 2844 sed
1416 2807 1588 2854 spinulis
1607 2817 1714 2849 mar·
1706 2806 1751 2840 ·i-

41 2853 198 2890 113Ιί11115
220 2855 468 2891 tenuioribus
488 2855 735 2902 simplicibus
755 2856 910 2891 differre
931 2855 1098 2891 xidetur.

101 2961 140 3001 6.
178 2960 231 3004 C.
259 2961 566 3004 Persicum
599 2961 755 3016 (Boiss.
787 2966 828 3005 et
859 2962 1002 3004 l3uhsc
1028 2962 1149 3004 Aufz.
1182 2975 1220 3016 p.
1251 2964 1330 3004 191
1361 2961 1443 3003 sub
1473 2959 1747 3013 Pteroeocco)

41 3019 294 3062 truticosum
326 3019 543 3073 glabrum,
578 3021 712 3062 ramis
743 3021 904 3063 adultis
936 3022 1146 3064 flexuosis
1181 3021 1352 3074 albidis,
1386 3020 1565 3062 ramulis
1592 3020 1748 3061 horno-
