2100 3262
306 181 378 220 912
1016 185 1286 212 SALSOLACEAE.
1798 177 2000 225 Atripleoe,

308 264 518 320 perigonii
543 261 709 305 sessilis
735 259 1272 312 cuneato-obtriangularis
1296 257 1457 312 phyllis
1482 257 1704 300 herbaceis
1731 258 1783 300 ad
1805 261 1995 305 medium

309 336 446 378 usque
470 320 662 365 connatis
684 319 789 361 facie
815 318 1054 362 reticulatis
1077 317 1198 371 apice
1224 317 1437 359 truncatis
1464 315 1737 359 denticulatis
1768 322 1836 368 Θ.

354 390 453 425 Hah.
475 390 513 424 in
533 386 686 434 pascuis
704 384 938 431 Babyloniae
958 394 1077 431 prope
1095 383 1189 418 Kutt
1207 383 1307 426 (Noe'
1325 381 1419 427 63³).

354 447 495 481 Planta
516 441 817 489 hwa-pedalis,
845 441 941 476 folia
960 440 1146 475 inferiora
1163 438 1346 484 pollicem
1364 438 1484 483 longa
1501 440 1538 473 et
1558 437 1648 483 lata,
1674 439 1862 483 panicula
1883 450 1998 485 parce

306 496 341 527 et
374 493 502 527 stricte
534 500 689 525 ramosa
719 488 980 534 semipedalis,
1009 486 1255 532 perigonium
1289 484 1572 530 sesquilineam
1599 483 1763 529 longum
1794 489 1832 521 et
1860 486 1996 523 latum.

304 540 430 575 Astine
456 540 503 574 A.
529 536 810 573 Turcomam‘co
829 535 897 570 sed
917 533 1141 570 distinctum
1161 531 1272 567 caule
1289 541 1427 578 parum
1446 541 1614 576 ramoso,
1633 531 1749 567 foliis.

376 639 434 681 1⁵2.
471 639 530 681 et.
564 634 1027 692 pedunculatum
1068 630 1145 685 (L.
1185 630 1255 684 Sp.
1295 643 1335 684 p.
1384 630 1516 684 1675]
1556 642 1745 672 annuum
1788 630 1997 684 lepidoto-

306 709 558 747 canescens,
588 695 709 738 caule
742 693 905 747 pumilo
940 694 1080 734 erecto
1115 690 1310 731 flexuoso
1337 702 1359 730 a
1391 689 1483 731 basi
1513 688 1780 731 divaricalim
1811 701 1996 737 ramoso,

304 757 415 799 foliis
452 754 630 798 alternis
657 751 951 807 integerrimis
983 748 1223 792 carnosulis
1251 747 1550 801 subpetiolatis
1584 746 1777 800 oblongis
1804 748 1868 789 vel
1900 748 1995 800 lan-

305 811 749 867 ceolato-spailiulatis
785 810 963 853 obtusis,
989 806 1241 860 glomerulis
1265 805 1516 859 paucissoris
1542 807 1585 848 in
1615 817 1805 850 racemos
1838 805 1993 848 breves

304 887 355 916 ex
387 873 530 916 axillis
564 870 866 925 superioribus
903 866 1239 919 terminalesque
1271 864 1508 919 dispositis,
1544 864 1750 918 perigonii
1785 865 1993 908 fructiferi

305 933 430 986 longe.
456 930 697 986 pedicellati
726 927 880 981 phyllis
905 926 946 967 in
982 925 1146 968 thecam
1185 923 1438 966 herbaceam
1475 923 1659 965 obverse
1683 923 1989 977 triangularem

305 993 460 1034 obtuse
489 994 530 1032 et
555 987 817 1030 divaricatim
842 983 1026 1027 bilobam
1054 982 1270 1024 denticulo
1306 982 1532 1036 interJecto
1565 981 1728 1024 coalitis
1761 987 1824 1033 Θ.
1850 983 1903 1025 Ic.
1933 982 1991 1024 Fl.

304 1050 415 1091 Dan.
445 1049 526 1090 tab.
557 1049 652 1089 304.
677 1069 735 1077 -
758 1043 901 1086 Dialis
925 1040 1219 1094 atriplieoides
1246 1040 1348 1083 ΜΒ.
1370 1041 1497 1083 Taur.
1525 1040 1648 1083 Cauc.
1674 1039 1730 1089 II,
1758 1054 1797 1095 p.
1820 1042 1917 1083 397.
1939 1065 1993 1071 —

306 1108 466 1150 Oln'one
489 1104 780 1159 pedunczclata
807 1103 914 1155 Moq.
941 1125 993 1131 —-
1021 1098 1222 1141 Halimus
1246 1099 1566 1151 pedmzculatus
1592 1099 1751 1140 Wallr.

350 1177 451 1211 Hal).
474 1176 512 1210 in
535 1174 741 1210 maritimis
763 1171 886 1216 salsis,
905 1169 1051 1205 Tauria
1068 1168 1212 1213 (MR),
1234 1168 1417 1203 Inieretia
1435 1167 1599 1212 (Guld.).

354 1234 414 1268 Ar.
435 1232 565 1276 Geoqr.
588 1229 742 1274 Angli-a,
769 1227 909 1269 Dania,
936 1225 1114 1268 Batai-ia,
1140 1223 1271 1259 Gallia
1293 1226 1328 1258 et
1348 1223 1561 1259 Germania
1578 1222 1769 1269 boreales,
1795 1223 1994 1271 Bulgaria‚

303 1279 448 1314 Bossia
471 1277 601 1313 media
620 1279 656 1311 et
674 1274 867 1317 australis,
884 1272 1160 1316 Turcomania,
1178 1270 1380 1316 Songaria,
1403 1270 1557 1306 Sibiria.

372 1378 432 1418 13.
466 1375 526 1418 A.
555 1375 786 1417 Moneta
813 1372 921 1427 (Bge
952 1370 994 1412 in
1030 1369 1129 1422 litt.)
1162 1381 1352 1411 annuum
1385 1368 1480 1411 albo
1514 1368 1579 1410 vel
1617 1368 1993 1412 sulfureo-farine-

305 1448 414 1478 sum.
458 1448 478 1476 a
513 1434 605 1476 basi
643 1430 985 1473 ramosissimum
1010 1428 1214 1470 diffusum
1251 1427 1423 1477 humile,
1461 1427 1572 1469 foliis
1609 1427 1773 1471 crebris
1813 1428 1990 1471 alternis

302 1489 834 1537 cordato-suborbiculatis
873 1500 1022 1541 grosse
1062 1490 1103 1528 el.
1141 1487 1334 1529 breviter
1374 1486 1882 1539 sinuato-paucidentatis
1923 1488 1990 1531 vel

303 1551 582 1604 subintegris,
618 1549 746 1603 spicis
774 1547 968 1590 breviter
992 1545 1246 1600 paniculatis
1273 1557 1295 1587 e
1322 1545 1433 1587 soliis
1463 1558 1616 1599 parum
1649 1546 1846 1597 exsertis,
1877 1547 1989 1600 peri-

301 1611 415 1664 gonii
460 1608 666 1652 fructiferi
706 1607 872 1650 sessilis
909 1605 1070 1660 phyllis
1106 1605 1149 1646 in
1187 1604 1358 1647 unicum
1392 1604 1631 1647 orbiculare
1665 1604 1880 1661 integrum
1920 1606 1987 1647 vel

301 1669 472 1711 omnino
497 1667 659 1710 coalitis
685 1666 751 1708 vel
778 1665 1044 1717 marginibus
1068 1663 1407 1705 membranaceis
1436 1663 1600 1715 liberis,
1631 1662 1747 1705 disco
1770 1664 1985 1707 induratis

301 1739 445 1770 crasse
467 1725 736 1768 trinervibus
759 1724 873 1766 inter
898 1734 1056 1765 nervos
1085 1722 1322 1764 reticulatis
1352 1726 1413 1772 Θ.

348 1793 448 1828 Hah.
466 1793 505 1827 in
526 1791 669 1826 Persiae
693 1790 839 1825 ditione
860 1788 1085 1823 Khorassan
1107 1788 1208 1822 inter
1225 1787 1364 1822 Riwed
1387 1790 1424 1822 et
1448 1787 1675 1822 Ssebsewar
1694 1790 1732 1823 et
1749 1787 1797 1823 ad
1816 1788 1985 1823 Achme-

299 1840 416 1875 iahad
436 1850 513 1874 non
534 1837 671 1884 procul
689 1837 738 1872 ab
759 1836 852 1871 urbe
867 1834 1078 1870 Mesehhed
1096 1834 1224 1879 (Bge),
1245 1834 1282 1868 in
1303 1833 1469 1869 collibus
1482 1834 1702 1879 Affghaniae
1719 1834 1849 1878 (Griff.
1864 1835 1987 1880 1750).

332 1886 568 1941 'Specim'ina
596 1894 693 1929 semi
725 1892 866 1936 edalia,
894 1890 988 1926 folia
1006 1891 1176 1925 breviter
1196 1890 1382 1935 petiolata
1401 1901 1419 1925 e
1442 1891 1543 1926 sicco
1566 1901 1728 1926 carnosa.
1749 1891 1933 1937 pollicem
1953 1894 1988 1927 et

301 1942 470 1988 amplius
490 1941 608 1986 longa
639 1942 675 1975 et
714 1942 786 1983 ata,
811 1939 1010 1984 superiora
1039 1937 1109 1972 vix
1134 1937 1338 1972 diminuta.
1370 1937 1623 1983 Perigoniuni
1653 1938 1895 1974 fructiferum
1925 1939 1987 1973 7-9

299 1989 425 2024 lineas
443 1988 566 2023 latum
590 1991 627 2022 et
648 1987 821 2032 longum.
849 1985 1002 2031 Species
1020 1985 1147 2020 fructu
1164 1984 1340 2029 insignis.

367 2091 424 2130 14.
460 2088 519 2130 A.
549 2086 875 2130 Flabellum
908 2085 1013 2140 (Bge
1037 2086 1079 2128 in
1108 2083 1207 2138 litt.)
1232 2097 1422 2128 annuum
1452 2085 1597 2127 virens
1621 2086 1688 2128 vel
1712 2086 1986 2128 albo-farine-

300 2160 411 2193 sum,
439 2147 557 2188 caule
584 2148 726 2189 erecto
751 2146 946 2200 opposite
970 2156 1154 2194 ramoso,
1182 2144 1293 2186 foliis
1318 2145 1538 2199 plerisque
1565 2144 1774 2198 oppositis
1798 2144 1984 2186 cordatis

298 2209 450 2259 argute
488 2205 672 2246 dentatis
712 2206 778 2247 vel
819 2202 1285 2255 5-7-angulato-lobatis
1335 2203 1428 2245 lobo
1473 2203 1689 2245 terminali
1731 2203 1984 2256 triangulari

300 2265 463 2318 majore
499 2264 657 2316 saepius
694 2263 736 2304 in
775 2268 906 2306 setam
941 2262 1179 2315 elongatam
1213 2262 1435 2304 deciduam
1469 2260 1670 2312 abeunte,
1703 2262 1982 2304 inferioribus

299 2322 422 2375 longe
447 2322 656 2376 petiolatis
678 2321 978 2375 superioribus
1004 2320 1246 2369 sessilibus,
1285 2321 1502 2375 supremis
1535 2320 1586 2362 ad
1620 2324 1753 2363 setam
1778 2320 1983 2371 reductis,

300 2382 431 2436 spicis
453 2381 706 2436 paniculatis
735 2380 868 2433 longis
896 2379 1118 2432 laxissoriS‚
1144 2379 1352 2433 perigonii
1377 2380 1586 2422 fructiferi
1616 2379 1794 2434 stipitati
1825 2380 1983 2433 phyllis

299 2440 472 2482 omnino
508 2439 698 2481 connatis
739 2439 780 2481 in
820 2439 983 2482 thecam
1025 2441 1274 2481 transverse
1314 2439 1592 2481 sublatiorem
1639 2438 1731 2481 basi
1771 2439 1983 2491 profunde

298 2498 515 2541 cordatam
567 2499 773 2551 lignosam
814 2497 1009 2540 radiatim
1062 2498 1426 2551 septemnerviam
1466 2497 1690 2551 aequaliter
1741 2503 1782 2539 et
1831 2497 1984 2540 obtuse

299 2556 608 2610 septemlobam
630 2556 682 2598 ad
707 2559 846 2599 costas
870 2557 1065 2610 plicatam
1094 2556 1211 2598 disco
1235 2556 1807 2610 cristato-appendiculatam
1835 2560 1897 2606 O.

345 2631 448 2666 Hab.
466 2631 503 2665 in
524 2631 715 2665 montosis
736 2631 848 2666 salsis
878 2631 925 2666 ad
951 2631 1140 2666 orientem
1159 2630 1268 2666 urbis
1286 2631 1469 2666 Mesched
1494 2631 1595 2665 inter
1611 2630 1687 2665 Faz
1714 2633 1750 2665 et
1769 2630 1983 2665 Tabatknh

295 2678 662 2768 ῗέἓέὲϋῗέιῶιὲἶῗεῆη
685 2677 811 2722 (Ege),
845 2677 1107 2713 Turkestania
1135 2678 1175 2712 in
1210 2677 1314 2713 valle
1337 2677 1573 2713 Sarafsohan
1600 2687 1722 2723 prope
1745 2676 1983 2712 Samarcand

344 2781 482 2833 Planta
511 2780 823 2862 'sa-1¹l2-pedalis‚
854 2781 948 2815 folia
982 2782 1167 2817 inferiora
1199 2781 1309 2818 12-15
1333 2781 1399 2817 lin.
1427 2781 1544 2826 longa
1571 2783 1608 2816 et
1633 2781 1719 2816 basi
1745 2781 1835 2826 lata,
1865 2781 1982 2826 spicae

295 2828 657 2910 {iecetltllesdssiirlyigiigliy
676 2827 736 2862 lae.
751 2828 1003 2873 Perigoniuni
1021 2828 1263 2864 fructiferum
1278 2829 1299 2863 4
1313 2828 1438 2864 lineas
1452 2828 1616 2875 longum
1634 2828 1658 2863 5
1671 2828 1808 2863 latum.
1827 2827 1982 2874 Species

520 2905 540 2920 0
612 2903 619 2910 .

344 2930 404 2966 Ar.
424 2930 553 2976 Geoqr.
582 2929 846 2966 Turkestania
867 2929 1078 2967 orientalis.
