2065 3271
123 238 368 280 verbascum.
758 246 1170 275 senoanLAmAcEAE.
1756 234 1826 272 3⁶21

172 325 240 367 53.
273 322 335 366 V.
370 321 618 377 elegans
664 320 824 376 (Boiss.
866 325 909 363 et
948 320 1099 363 Heldr.
1139 320 1290 373 Diagn.
1332 318 1423 361 Ser.
1467 319 1512 365 Ι,
1563 319 1634 369 12,
1675 330 1712 371 p.
1755 317 1827 372 12]

110 385 283 432 bienne,
321 386 511 425 tomento
540 381 676 424 denso
718 392 804 423 non
832 380 1028 423 detersili
1054 382 1349 423 tomentosum
1387 379 1826 432 aeruginoso-canum,

112 443 233 487 caule
256 440 422 498 pumilo
444 441 615 483 inferne
636 439 790 482 crebre
825 441 978 483 folioso
1011 440 1054 482 in
1080 439 1323 492 paniculam
1359 441 1588 492 angustam
1622 448 1751 492 parce
1784 440 1827 479 et

110 502 305 547 breviter
345 512 560 543 ramosam
592 500 799 551 abeunte,
837 499 947 542 foliis
979 499 1127 552 parvis
1166 497 1365 552 oblongis
1398 497 1683 540 acutiusculis
1721 496 1826 538 sub-

112 561 295 613 integris
322 559 585 607 radicalibus
613 560 656 601 in
683 559 894 612 petiolum
922 558 1160 600 attenuatis
1189 556 1346 600 subtus
1385 555 1826 607 reticulato-rugosis,

111 620 294 666 caulinis
318 619 515 672 oblongis
542 617 706 662 strictis
740 618 833 660 basi
861 617 1007 660 sessili
1033 616 1284 663 attenuatis,
1310 615 1494 659 floribus
1517 615 1726 658 solitariis
1752 615 1821 657 vel

113 682 186 724 ‘ll-3
226 679 490 723 fasciculatis
535 690 661 721 secus
702 678 914 731 paniculae
950 689 1094 719 ramos
1132 676 1258 725 laxis,
1295 675 1506 729 pedicello
1543 676 1689 729 calyce
1725 673 1829 718 sub-

112 740 328 786 breviore.
351 739 497 792 calyce
519 737 566 793 (⁹2
591 736 640 792 ¹l2
667 738 804 780 lineas
831 737 978 790 longo]
1002 739 1247 779 tomentoso
1279 736 1390 777 ultra
1418 735 1608 776 medium
1645 735 1687 776 in
1729 734 1828 776 laci-

109 800 203 843 nias
238 798 679 842 lineari-lanceolatas
718 797 899 840 obtusas
936 795 1056 847 fisso,
1095 795 1258 838 corolla
1295 795 1428 839 lutea,
1467 794 1702 837 {ilamentis
1732 805 1829 847 pur-

111 857 446 915 pureo-lanam,
470 857 647 913 capsula
653 887 724 899 .....

156 933 258 1017 Hah.
278 933 320 969 in
345 932 548 1026 moytibus
570 932 730 968 Pisidiae
762 930 826 967 vel
856 930 1019 967 Isauriae
1047 929 1203 975 (Heldrl
1231 939 1334 976 spec.
1366 929 1527 965 unicum
1558 928 1709 976 absque
1741 928 1826 964 loco

107 982 230 1018 natai
254 981 411 1029 proprio
434 1010 441 1016 .

151 1047 294 1083 Planta
314 1046 384 1082 vix
434 1045 557 1082 edalis
586 1045 770 1093 panicula
797 1043 1041 1091 semipedali,
1066 1042 1168 1079 folia=
1185 1042 1377 1078 radicalia
1396 1053 1485 1078 cum
1506 1042 1652 1089 petiolo
1675 1044 1825 1090 sesqui·-

135 1094 311 1131 ollicaria
327 1094 391 1129 6-7
405 1056 472 1129 fin.
483 1094 573 1129 lata.
586 1093 711 1129 Affine
725 1092 760 1128 V.
772 1090 1080 1140 chrysorrhacos
1098 1091 1227 1126 differt
1243 1091 1476 1126 indumento
1494 1091 1616 1127 denso
1632 1100 1824 1138 pannoso,

123 1142 211 1179 oliis
229 1141 354 1178 multo
372 1141 593 1177 minoribus
612 1141 747 1177 formae
764 1140 944 1183 diversae,
965 1139 1128 1175 floribus
1149 1138 1476 1181 subfasciculatis‚
1496 1138 1710 1174 filamentis
1731 1149 1821 1184 pur-

106 1189 404 1245 pureo-lanatis.
433 1189 547 1225 Facie
571 1188 700 1226 simile
733 1187 768 1224 V.
786 1187 939 1236 pumz'lo
960 1197 1130 1234 quocum
1177 1186 1314 1222 robab.
1334 1186 1471 1221 crescit
1487 1189 1524 1221 et
1545 1197 1569 1221 a
1588 1196 1666 1233 quo
1687 1186 1816 1222 differt

108 1238 339 1275 indumento
372 1237 534 1273 densius
565 1246 756 1284 pannoso,
792 1234 996 1283 pedicellis
1033 1198 1236 1271 brevibus.
1267 1233 1399 1279 calyce
1426 1234 1503 1269 tere
1530 1233 1652 1281 duplo
1671 1234 1822 1280 majori.

107 1287 169 1322 An
190 1285 324 1322 forsan
348 1285 466 1332 hujus
484 1284 627 1333 probes
650 1283 850 1331 hybrida?

167 1415 235 1457 54.
269 1414 333 1458 V.
362 1414 543 1458 Tauri
577 1412 734 1467 (Boiss.
762 1412 911 1467 ot³Ky.
949 1412 1104 1466 Diagn.
1145 1411 1239 1454 Ser.
1269 1410 1324 1459 ΙΙ,
1360 1412 1402 1459 3,
1441 1423 1480 1465 p.
1517 1410 1620 1465 145)
1652 1410 1824 1459 bienne,

108 1478 244 1518 totum
288 1475 547 1518 indumento
596 1473 929 1527 flavido-griseo
973 1472 1025 1514 ad
1076 1472 1177 1514 folia
1224 1483 1419 1525 pannoso
1471 1470 1726 1524 persistenti
1771 1470 1823 1512 ad

107 1534 251 1578 caules
279 1537 322 1576 et
347 1546 493 1577 ramos
519 1533 804 1578 subdelersili
826 1532 1033 1584 obsitum,
1056 1531 1180 1574 caule
1204 1529 1325 1573 brevi
1365 1529 1672 1585 pyramidatim
1700 1530 1822 1584 pani-

105 1594 272 1647 culalO,
313 1593 428 1637 foliis
461 1592 723 1637 radicalibus
766 1592 907 1636 ovatis
941 1595 983 1634 et
1021 1591 1219 1644 oblongis
1256 1591 1297 1632 in
1339 1590 1551 1644 petiolum
1586 1589 1823 1632 attenuatis

105 1654 264 1698 subtus
304 1653 558 1701 reticulatis,
595 1653 780 1695 caulinis
823 1652 875 1694 ad
919 1664 1142 1695 ramorum
1179 1654 1324 1693 ortum
1355 1651 1506 1706 parvis
1540 1648 1824 1692 subcordato-

105 1713 501 1768 amplexicaulibns
526 1713 683 1765 ovatis‚
707 1711 892 1756 floribus
920 1710 1121 1754 subbinis
1145 1710 1407 1753 fasciculatis
1440 1710 1535 1752 laxe
1571 1708 1820 1757 racemosis,

105 1774 332 1829 perlicellis
359 1771 442 1815 sub
470 1772 639 1816 anthesi
669 1772 804 1827 calyci
830 1771 1088 1826 aequilongis
1124 1770 1302 1824 capsula
1330 1770 1499 1823 02-3-pl0
1535 1767 1821 1822 longioribus,

104 1835 248 1887 calyce
276 1833 396 1881 (circ.
427 1833 451 1874 Ξ
477 1832 551 1874 lin.
581 1831 730 1887 longo)
763 1832 818 1875 ad
848 1831 970 1874 basin
1007 1831 1051 1873 in
1080 1830 1259 1873 lacinias
1299 1831 1487 1872 lineares
1522 1829 1698 1883 partito,
1729 1827 1821 1870 fila-

104 1893 261 1936 mentis
297 1891 458 1948 pallide
488 1891 914 1941 violaceo-barbatis,
946 1891 1125 1945 capsula
1162 1889 1350 1944 oblonga
1385 1889 1637 1933 tomen'tella
1677 1887 1820 1941 calyce

103 1953 233 1996 tertia
258 1955 382 2007 parte
406 1951 603 2005 longiore
627 1951 840 2005 pedicello
864 1950 1068 1993 breviore
1096 1949 1169 2006 (ᾗ.

150 2028 253 2063 Hab.
280 2027 322 2063 in
341 2026 501 2073 regione
519 2026 657 2073 alpina
675 2026 798 2062 Tauri
816 2025 965 2062 Cilicici
995 2025 1035 2061 in
1063 2027 1198 2061 monte
1219 2024 1335 2070 Gisyl
1351 2023 1459 2071 Tepe
1486 2022 1593 2060 8000’
1622 2022 1714 2068 (Ky.
1733 2022 1819 2058 235!

102 2075 224 2122 Ball),
243 2075 392 2111 ditione
409 2074 564 2110 Kassan
584 2073 688 2120 Oglu
705 2073 854 2109 Ciliciae
875 2072 1078 2110 orientalis
1097 2072 1189 2119 (Ky.
1212 2073 1324 2117 1751).

146 2141 291 2178 Planta
310 2141 369 2176 1-1
385 2139 613 2187 ¹l2-pedalis,
645 2138 742 2175 folia
759 2138 946 2175 radicalia
965 2138 1116 2174 lamina
1131 2138 1196 2174 2-3
1223 2137 1387 2185 pollices
1405 2136 1537 2182 longa,
1564 2135 1726 2183 capsula
1744 2135 1819 2179 2¹s2

101 2188 168 2225 lin.
201 2188 335 2234 longa.
367 2188 494 2224 Affine
530 2186 567 2222 V.
588 2187 764 2234 elepanti
791 2197 816 2222 a
847 2196 926 2233 quo
956 2185 1085 2222 differt
1114 2185 1225 2222 caule
1254 2185 1428 2229 elatiore,
1457 2184 1563 2220 foliis
1590 2183 1821 2226 majoribus,

102 2236 266 2274 floribus
284 2235 531 2283 longiuscule
549 2234 801 2282 pedicellatis
819 2236 857 2270 et
874 2234 1072 2281 imprimis
1090 2233 1246 2270 laciniis
1265 2233 1413 2279 calycis
1433 2231 1747 2279 angustioribus.

163 2363 234 2406 55.
258 2361 319 2404 V.
336 2359 561 2404 Adeliae
577 2358 752 2415 (Heldr.
771 2359 812 2402 in
840 2359 982 2402 Boiss.
1007 2359 1159 2414 Diagn.
1181 2359 1274 2402 Ser.
1301 2358 1354 2408 ΙΙ,
1384 2360 1424 2409 3,
1451 2372 1492 2413 p.
1520 2356 1618 2411 1145)
1640 2357 1816 2411 bienne,

103 2421 297 2466 tenuiter
349 2423 644 2464 tomentosum
692 2419 1105 2472 griseo-flavidum.
1145 2420 1267 2462 caule
1313 2431 1468 2473 parum
1506 2419 1618 2460 elato
1663 2418 1816 2460 crebre

103 2482 254 2525 folioso
280 2481 323 2523 in
352 2480 597 2535 paniculam
632 2479 809 2522 brevem
848 2479 1087 2523 confertam
1134 2479 1417 2521 densissoram
1459 2477 1655 2527 abeunti,
1704 2478 1818 2520 foliis

103 2540 372 2593 subintegris
399 2538 684 2583 inferioribus
708 2539 1055 2595 ovato-oblongis
1076 2538 1247 2582 obtusis
1265 2540 1308 2581 in
1330 2538 1538 2592 petiolum
1562 2538 1817 2587 attenuatis,

104 2600 409 2655 superioribus
440 2598 581 2642 ovatis
617 2598 813 2642 breviter
847 2598 1106 2642 acuminatis
1139 2597 1614 2646 cordato-auriculatis‚
1652 2596 1812 2639 florum

103 2659 358 2714 glomerulis
402 2657 655 2713 paucifloris
697 2659 1041 2712 approximatis,
1095 2658 1319 2712 pedicellis
1371 2657 1504 2711 calyci
1543 2655 1818 2709 aequilongis9

105 2720 248 2774 calyce
271 2722 518 2763 tomentoso
545 2717 719 2771 (lineam
747 2717 847 2759 circ.
874 2719 1020 2772 longo)
1050 2718 1139 2760 fere
1168 2718 1222 2760 ad
1247 2718 1368 2761 basin
1394 2718 1438 2759 in
1473 2717 1648 2758 lacinias
1682 2716 1817 2758 trian-

104 2777 531 2833 gulari-lanceolatas
554 2780 704 2820 acutas
727 2777 903 2831 partito,
934 2777 1169 2821 filamentis
1190 2776 1612 2827 violaceo-barbatis,
1639 2777 1818 2829 capsula

104 2837 289 2892 oblonga
316 2838 473 2881 obtusa
499 2838 645 2890 calyce
670 2836 804 2891 duplo
833 2836 1028 2891 longiore
1055 2836 1126 2891 (ᾗ).

100 2911 324 3005 (ΗΗΙᾞῌυίη
352 2911 457 2949 valle
490 2913 714 2960 Aperantos
747 2911 798 2947 ad
834 2910 984 2947 radices
1020 2911 1167 2947 montis
1205 2910 1258 2946 Za
1288 2910 1429 2947 insulae
1464 2910 1568 2946 Naxi
1598 2908 1817 2955 Cycladum

160 2970 179 2997 e
228 2971 244 2996 r
289 2987 297 2994 .

150 3024 291 3062 Caules
310 3024 566 3073 1-2—pedales‚
584 3024 769 3061 soliorum
785 3023 1014 3061 inferiorum
1031 3023 1181 3060 lamina
1196 3023 1460 3071 tripollicaris,
1475 3022 1640 3070 capsula
1655 3022 1679 3060 2
1691 3022 1817 3058 lineas
