2100 3262
255 191 327 229 980
961 192 1224 220 SALsorACEAE
1698 182 1965 222 Gamantlzus.

321 274 360 315 1.
395 271 456 315 G.
497 276 899 326 qamocarpus
931 263 1063 320 (Moq.
1102 265 1178 306 loc.
1221 264 1289 307 cit.
1329 278 1370 320 p.
1405 265 1487 306 201
1531 264 1614 306 sub
1651 263 1964 321 Haloclzaride)

261 344 433 375 annuus
470 330 750 384 glabrescens
786 324 856 368 vel
889 323 1003 378 pube
1044 324 1181 366 densa
1216 324 1339 366 brevi
1381 335 1628 373 canescens,
1657 324 1779 367 caule
1815 336 1838 366 a
1877 324 1970 368 basi

262 390 458 446 opposite
483 388 550 431 vel
575 386 817 430 dichotome
841 383 1140 426 ramosissimo
1158 384 1291 425 ramis
1312 385 1355 425 et
1372 382 1555 425 ramulis
1575 382 1837 432 divaricatis,
1855 383 1970 427 foliis

262 447 588 494 semiteretibus
606 442 801 489 carnosis
821 441 1315 496 spinuloso-cuspidatis
1335 441 1532 484 recurvis
1551 441 1764 497 oppositis
1787 445 1830 486 et
1848 454 1971 497 spat·-

263 509 338 559 sis,
371 506 597 550 floralibus
633 501 844 557 oppositis
872 501 965 543 basi
993 500 1504 554 connato-vaginantibus
1536 503 1580 542 et
1611 500 1785 543 demum
1821 513 1970 544 osseo-

262 566 505 615 indurahs,
564 563 749 606 floribus
813 560 857 603 in
910 562 1182 603 ramulorum
1228 559 1423 614 apicibus
1474 559 1702 613 geminatis
1759 560 1969 614 oppositis

262 627 405 670 axillis
449 624 650 666 foliorum
688 620 907 663 floralium
947 619 1124 663 omnino
1158 618 1353 670 inclusis,
1397 618 1631 661 bracteolis
1678 619 1860 662 inclusis
1896 619 1973 662 sed

264 686 431 733 liberis,
475 680 687 737 perigonii
732 679 891 733 phyllis
934 677 1183 721 lanceolatis
1230 678 1368 721 acutis
1414 677 1974 731 cartilagineo-acuminatis

263 744 357 787 basi
401 742 595 785 breviter
639 738 878 790 binerviis,
920 738 1113 780 antherae
1154 737 1394 791 appendice
1438 737 1535 779 alba
1579 736 1974 792 oblongo-elliptica

264 804 432 846 clavata
472 801 619 853 stipite
657 799 840 851 angusta
879 796 1151 850 longiuscula
1184 796 1363 838 suffulta
1395 795 1549 839 loculis
1586 795 1790 840 breviore
1828 800 1869 839 et
1902 797 1975 840 vix

264 862 417 905 latiore
439 864 500 911 Θ.
528 858 575 901 G.
593 868 890 911 yamocarpus
917 856 1005 909 Bge
1028 856 1054 898 l.
1083 855 1150 898 cit.
1177 867 1216 909 p.
1244 856 1312 905 77,
1340 854 1422 897 [ab.
1451 853 1495 906 t,
1523 855 1595 909 fig.
1627 856 1694 897 14.

311 935 414 970 Hah.
432 934 473 969 in
492 932 659 968 desertis
689 930 817 974 salsis,
847 929 890 965 in
917 931 999 965 toto
1027 928 1180 964 ambitu
1210 929 1354 964 deserti
1380 928 1516 974 magni
1535 928 1680 964 Persiae
1699 928 1843 964 mediae
1863 928 1979 973 (Bet,

262 983 375 1029 Ege),
397 982 438 1017 in
461 989 581 1026 regno
602 978 792 1015 Cabulico
810 977 860 1012 ad
877 975 1046 1012 Turnuk
1067 986 1189 1023 prope
1207 975 1423 1012 Kandahar
1444 975 1575 1020 (Griff.
1595 976 1732 1011 Journ.
1753 975 1869 1021 7192).

311 1043 574 1092 semipedalis
602 1046 639 1078 et
659 1041 866 1089 procerior,
894 1040 994 1077 folia
1018 1041 1098 1076 fere
1124 1040 1272 1076 lineam
1303 1039 1497 1076 diametro
1526 1039 1618 1086 lata,
1647 1040 1834 1076 inferiora
1860 1039 1977 1087 polli-

266 1094 382 1130 caria.
408 1091 665 1137 Pcrigonium
690 1089 796 1125 foliis
815 1089 1021 1124 floralibus
1040 1087 1239 1124 inclusum
1258 1090 1297 1124 et.
1312 1098 1402 1124 cum
1424 1088 1480 1123 eis
1499 1087 1661 1123 tandem
1680 1087 1892 1123 deciduum
1909 1086 1978 1124 sed

266 1151 358 1177 cnm
378 1140 433 1175 cis
453 1140 490 1174 et
510 1137 721 1174 bracteolis
739 1147 820 1172 non
838 1136 1071 1172 coalescens.

326 1259 367 1299 2.
406 1256 468 1300 G.
494 1254 857 1299 commixtus
881 1253 991 1309 (Bge
1013 1252 1150 1295 Anah.
1177 1265 1218 1306 p.
1243 1251 1317 1307 76)
1343 1265 1517 1295 annuns
1546 1251 1662 1305 pube
1689 1251 1875 1306 siinplici
1899 1251 1977 1294 vil-

266 1316 454 1367 losulns,
493 1315 615 1357 caule
653 1313 813 1356 diffuso
852 1312 1058 1367 patenlim
1089 1325 1113 1354 a
1151 1311 1243 1354 basi
1276 1323 1465 1364 ramoso,
1492 1311 1606 1353 foliis
1641 1313 1800 1364 praeter
1831 1310 1980 1353 infima

266 1375 449 1418 alternis
477 1373 792 1429 patentissimis
809 1371 1313 1415 senlitercti-linearibus
1333 1370 1831 1424 spinuloso-cuspidatis,
1852 1369 1979 1412 flora·

267 1435 384 1477 libus
432 1433 613 1477 alternis
659 1432 874 1484 congestis
914 1431 1094 1473 basibus
1134 1428 1617 1473 incrassato-induratis
1656 1428 1981 1472 confluentibus

266 1495 437 1536 fructus
462 1491 726 1539 foventibnS,
751 1490 934 1533 floribus
959 1491 1032 1532 3-6
1052 1490 1093 1531 in
1117 1490 1237 1543 apice
1255 1489 1529 1532 ramulorum
1546 1488 1725 1531 alternis
1749 1488 1977 1540 coiigestiS‚

266 1553 498 1596 bracteolis
524 1551 699 1605 oblique
726 1550 976 1592 lanceolatis
998 1549 1203 1592 carinatis
1226 1549 1346 1602 apice
1372 1547 1610 1602 spinulosis
1633 1548 1976 1590 hamato-recur-

266 1613 334 1655 vis
362 1612 468 1654 flore
492 1608 849 1662 sublongioribus
872 1622 894 1650 a
915 1608 1014 1650 folio
1040 1608 1181 1650 florali
1205 1607 1367 1658 liberis,
1393 1607 1605 1662 perigonii
1633 1606 1790 1661 phyllis
1812 1607 1978 1648 charta-

268 1672 354 1714 ceis
401 1669 858 1722 oblongo-lanceolatis
898 1667 1154 1710 acuminatis
1194 1667 1313 1721 apice
1350 1666 1733 1720 subpungentibus
1773 1665 1981 1719 enerviis,

267 1731 460 1772 antherae
485 1728 724 1784 appendice
751 1727 1000 1770 aurantiaca
1029 1726 1421 1780 obovato-oblonga
1447 1726 1573 1778 longe
1602 1726 1794 1779 stipitata
1828 1724 1981 1768 loc-ulls

266 1789 460 1843 longiore
487 1792 529 1831 et
555 1788 688 1841 duplo
717 1787 867 1829 latiore
893 1789 954 1835 Θ.
976 1785 1034 1827 Ic.
1065 1786 1152 1840 Bge
1178 1789 1205 1828 t.
1232 1785 1265 1833 1,
1297 1783 1459 1839 fig.13.
1490 1808 1546 1815 -
1572 1783 1837 1826 Haloclzaris
1870 1782 1980 1826 vesi-

269 1848 418 1891 culosa
444 1848 552 1901 Moq.
576 1858 629 1888 ex
654 1848 796 1900 parte.

313 1920 415 1956 Hab.
436 1920 475 1955 in
495 1920 610 1955 salsis
629 1919 738 1964 regui
757 1917 941 1955 Cabulici
962 1927 1085 1965 prope
1105 1918 1244 1965 Byam‚
1273 1918 1449 1965 Syghan,
1472 1917 1677 1954 Chuschki
1703 1918 1740 1953 et
1765 1916 1808 1953 in
1836 1916 1981 1953 monti-

264 1967 341 2004 bus
364 1967 527 2012 Gulguli
546 1966 674 2011 (Griff.
694 1966 839 2012 17551).

311 2030 576 2077 semipedalis
595 2032 633 2066 et
651 2028 817 2077 longior,
837 2029 936 2065 folia
952 2029 1018 2065 6-8
1036 2028 1165 2065 lineas
1183 2029 1317 2076 longa,
1335 2028 1449 2075 calyx
1465 2028 1536 2074 272
1558 2028 1686 2065 lineas
1707 2027 1864 2074 longus.

326 2149 367 2191 3.
405 2146 465 2190 G.
495 2147 713 2191 ovinus
732 2144 841 2202 (Bge
864 2146 907 2190 in
932 2146 1032 2202 litt.)
1058 2159 1231 2190 annuus
1258 2146 1372 2200 pube
1393 2146 1581 2201 simplici
1603 2147 1815 2201 adpressa
1842 2146 1976 2201 pube-

267 2219 394 2252 scens
422 2207 595 2249 tandem
623 2206 846 2259 glabratus
873 2205 1039 2259 viridis,
1067 2206 1178 2249 foliis
1204 2209 1366 2260 praeter
1390 2205 1538 2248 infima
1567 2205 1747 2248 alternis
1770 2205 1978 2259 patentis-

269 2266 391 2311 simis
426 2265 930 2316 semitereti-linearibus
963 2265 1471 2320 spinuloso-cuspidatis,
1510 2265 1738 2308 floralibus
1775 2265 1819 2306 in
1858 2265 1979 2318 apice

267 2326 539 2368 ramulorum
563 2325 781 2377 congestis
805 2324 937 2367 flores
960 2323 1224 2377 foventibus,
1248 2324 1431 2372 floribus
1454 2324 1736 2367 inferioribus
1759 2324 1981 2367 alternan-

267 2385 383 2427 tibus
411 2384 594 2427 sunnnis
624 2384 830 2428 confertis
864 2393 978 2437 saepe
1012 2383 1196 2436 geminis
1221 2383 1534 2438 suboppositis,
1569 2382 1782 2438 perigonii
1819 2383 1979 2437 phyllis

267 2444 420 2490 aculis,
449 2444 641 2486 antherae
667 2442 905 2497 appendice
922 2442 1120 2496 >stipitata
1141 2441 1320 2497 globosa
1348 2443 1487 2485 loculo
1507 2440 1709 2485 breviore
1735 2442 1891 2484 citrina
1913 2446 1978 2493 Θ.

312 2517 415 2554 Hab.
437 2518 478 2553 in
498 2517 654 2553 deserto
679 2517 882 2554 Kisilkum
901 2516 1178 2555 Turkestaniae
1194 2516 1323 2564 (Ege).
1351 2516 1727 2566 Oviumpabulum.

314 2583 480 2618 Fructus
505 2582 678 2627 ignotus,
706 2581 840 2616 affinis
861 2580 907 2617 G.
929 2580 1159 2626 commiade,
1186 2580 1467 2625 indumentum
1488 2581 1645 2627 parcius
1678 2583 1716 2616 et
1747 2578 1980 2627 appendicis

267 2632 466 2665 structura
491 2630 658 2666 diversa.
687 2629 871 2678 Antherae
893 2629 913 2663 1
927 2628 965 2672 Ὺ,
988 2629 1055 2665 lin.
1071 2628 1204 2674 ,longae
1223 2625 1366 2669 loculis
1380 2628 1470 2663 basi
1489 2627 1678 2674 discretis
1702 2627 1978 2664 connectivum

266 2676 502 2760 ἓςοάυῗξιὶιὲη
522 2676 563 2711 in
581 2675 757 2723 stipitem
777 2678 919 2712 cavum
934 2675 1054 2712 lineae
1070 2675 1117 2720 'lz
1137 2676 1230 2722 long
1240 2687 1316 2722 uin,
1343 2674 1523 2711 vesicula
1549 2675 1667 2711 diam.
1690 2674 1838 2710 lineam
1864 2673 1979 2709 dimi-

299 2735 375 2760 lam
416 2737 427 2759 2
483 2752 490 2759 .

326 2833 367 2874 4.
401 2830 463 2875 G.
491 2831 725 2889 pilosus
755 2830 883 2886 (Pall.
908 2830 975 2873 Ill.
998 2844 1042 2892 p.
1072 2831 1142 2889 28,
1164 2829 1249 2875 tab,
1278 2829 1333 2872 ΞΟ
1358 2829 1441 2873 sub
1470 2827 1862 2884 Salsold)..annuus
1888 2838 1979 2869 car-

268 2903 403 2934 nosus
427 2890 734 2946 glaucus'pilis
757 2890 945 2933 minutis·
965 2889 1199 2947 'adpressls
1229 2886 1416 2945 aliisque
1451 2887 1694 2933 artlculatis
1731 2886 1981 2940 patentibus

267 2950 435 3005 sparsis
459 2949 646 3003 obsitus,
674 2946 796 2992 caule
816 2962 840 2992 a
863 2943 1283 2992 basi'i‘amosissimo
1309 2947 1444 2991 ramis
1464 2943 1746 2991 inferioribus
1766 2944 1981 3000 oppositiS
