2065 3271
71 244 234 293 Nepeta.
846 254 1043 282 LABIATAE.
1712 234 1784 271 C69

70 330 170 373 solia
209 328 404 371 breviter
442 332 484 372 et
522 329 730 383 adpresse
768 340 1004 372 canescens
1042 327 1092 368 ad
1133 322 1498 368 iussoresccntiain
1529 320 1781 386 patule-vel

70 388 262 443 crispulo
289 387 548 440 pubescens,
576 389 773 430 caulibus
802 389 960 430 crectis
981 387 1126 440 patule
1154 383 1426 438 pauit-utatis,
1451 381 1563 421 soliis
1590 380 1784 445 breviter

73 446 288 501 petiolalis
310 446 508 498 oblongis
527 446 618 489 basi
636 448 876 501 angustatis
893 446 1177 498 subintegris.
1202 443 1339 496 cyulis
1365 440 1441 494 ped
1453 439 1667 481 iuieulatis
1687 437 1782 504 lare

69 505 340 550 dic-liotomis,
380 505 566 547 bracteis
603 506 844 548 linearibus
886 508 1055 559 calyces
1088 502 1367 557 aequantibus
1397 500 1782 552 patulo-recurvis,

69 565 226 617 calyeis
254 563 411 616 hispidi
447 577 521 607 ore
548 567 730 618 aeqnalis
760 565 965 608 dentibus
1003 580 1022 606 a
1064 564 1154 604 basi
1194 561 1429 602 lanceolata
1467 557 1649 598 sctaccis
1677 555 1781 598 tubo

70 623 338 676 longioribus
362 626 760 667 arcuato-recurvis
786 625 947 667 corolla
976 619 1355 670 subbrevioribus,
1395 617 1591 659 nuculis.
1614 648 1621 654 .
1645 648 1651 654 .
1674 646 1683 656 .
1722 621 1757 679 ῖς

68 681 118 725 Ν.
145 680 425 723 ἰνὶσΙιοάοηία
452 682 594 725 Boiss.
630 687 672 725 et
709 683 800 725 Noe
835 684 990 736 Diagn.·
1018 683 1110 724 Ser.
1137 679 1190 729 ll,
1226 680 1269 728 41,
1307 691 1343 730 p.
1375 677 1443 718 225.
1487 699 1536 705 -
1576 674 1749 716 ςαίιινοι

68 740 225 782 stricta
255 740 382 783 Russ.
412 740 583 795 Aleppo
610 743 662 794 ΙΙ,
694 756 732 796 p.
762 744 861 785 255.

114 813 214 849 Hah.
245 815 282 849 iu
309 813 466 849 Oriente
488 814 601 859 (Lam
617 816 644 859 )‚
675 817 712 850 in
743 815 1028 862 Mesopotamia
1060 822 1181 860 prope
1215 809 1428 847 Diarbekir
1461 808 1567 861 (Noe.
1593 807 1713 860 wli-t),
1741 806 1780 840 in

70 861 323 896 Kurdistania
342 861 501 907 (Brant)
520 866 557 897 et
576 863 677 898 inter
701 863 783 898 Van
802 867 839 899 et
859 863 973 898 Billis
993 861 1131 907 (Barre
1150 860 1196 895 de
1218 858 1396 900 Laucyt),
1432 858 1571 891 (laeteri
1600 855 1673 889 loci
1694 864 1716 889 a
1735 853 1781 888 cl.

66 907 152 944 Bth.
172 908 278 957 citati
297 907 397 943 mihi
415 910 464 944 ad
483 909 530 944 N.
560 909 800 946 Ueram'cam
823 911 884 946 vel
905 911 1056 957 species
1077 908 1211 943 affines
1233 907 1406 951 spectare
1427 903 1621 938 videntur.

125 974 190 1027 βῬ
225 974 378 1027 major.
422 999 478 1005 ——
512 973 688 1029 Calyces
733 980 777 1017 ut
816 976 992 1018 videtur
1032 973 1219 1027 majores
1257 970 1335 1012 sed
1374 969 1517 1022 planta
1560 965 1781 1007 fructifera

66 1037 234 1077 tantun]
265 1035 368 1076 visa.

113 1109 216 1145 Hah.
237 1109 276 1143 in
295 1109 428 1145 Persia
445 1108 595 1144 boreali
618 1119 737 1156 prope
755 1109 911 1154 Sengan
932 1109 1032 1143 inter
1051 1106 1231 1142 Teheran
1252 1106 1289 1139 et
1305 1101 1448 1138 Tabris
1469 1101 1569 1145 (Bge
1584 1101 1620 1143 t).

113 1173 268 1219 Species
287 1183 308 1207 a
326 1172 373 1208 N
404 1170 601 1209 Ueram‘ed
628 1175 670 1208 ut
695 1183 771 1208 am.
798 1183 821 1208 a
849 1172 928 1217 Bge
954 1170 1236 1206 animadvertit
1266 1167 1373 1202 soliis
1406 1165 1582 1210 integris,
1614 1160 1780 1197 bracteis

69 1219 294 1266 calycisque
313 1219 468 1255 laciniis
494 1220 820 1266 patino—recurvis
839 1219 1030 1255 distincta.
1055 1217 1223 1253 Corollae
1243 1216 1425 1261 majores.

1755 685 1782 714 (h

126 1329 195 1371 85.
245 1327 309 1369 N.
345 1325 671 1371 curvidens
706 1328 864 1383 (Boiss.
910 1330 952 1369 et
993 1326 1080 1368 Bal.
1127 1326 1276 1379 Dirgu.
1317 1323 1409 1366 Ser.
1453 1322 1505 1374 ll,
1548 1322 1591 1368 4,
1633 1333 1670 1372 p.
1706 1317 1782 1384 Qti)

68 1387 327 1429 brevissime
355 1390 397 1429 et
423 1387 619 1441 crispule
645 1388 912 1438 tomentella‚
948 1386 1148 1428 caulibus
1177 1385 1324 1439 patule
1361 1381 1634 1436 paniculatis‚
1669 1379 1782 1420 solus

69 1446 264 1489 breviter
305 1446 524 1501 petiolatis
563 1447 914 1500 ovato-oblongis
955 1445 1112 1488 obtuse
1150 1444 1355 1494 arcuatis,
1391 1439 1699 1496 superioribus
1740 1439 1784 1503 et

70 1505 293 1548 floralibus
340 1505 836 1548 lanceolato-linearibus
875 1505 1058 1558 integris
1110 1503 1250 1547 acutis
1304 1500 1589 1549 inucronatis,
1643 1508 1782 1550 cyulis

68 1564 291 1607 confertim
332 1565 569 1615 5-7·ssori8,
609 1565 793 1607 bracteis
833 1563 1262 1606 lineari-lanceolatis
1298 1560 1490 1603 acerosis
1518 1568 1779 1611 squarroso-

69 1622 319 1676 patentibus
357 1624 528 1677 calyces
567 1624 843 1678 aequantibus
889 1624 954 1666 ve]
1000 1621 1331 1676 superantibus,
1376 1619 1534 1672 calycis
1574 1615 1781 1658 dentibus

70 1681 316 1726 lanceolatis
351 1682 733 1737 subpungentibus
777 1683 1064 1726 subrecurvis
1105 1682 1209 1723 tubo
1253 1678 1532 1721 brevioribus
1573 1675 1780 1741 corollam

70 1754 244 1795 parvam
273 1742 504 1784 violaceam
530 1742 859 1796 superantibus,
882 1743 1025 1796 calyce
1048 1741 1272 1783 fructifero
1300 1742 1443 1783 ovato,
1471 1736 1642 1779 nuculis
1658 1745 1778 1787 apice

67 1801 258 1843 obsoleto
283 1801 574 1847 tuberculatis
602 1807 663 1849 26.
688 1801 739 1843 N.
758 1806 962 1854 congesta
982 1800 1024 1842 F.
1046 1803 1088 1842 et
1109 1800 1158 1841 M.
1181 1797 1375 1842 Ann.Sc.
1390 1796 1485 1839 Nat.
1503 1796 1630 1844 1854,
1653 1806 1691 1846 p.
1710 1793 1778 1834 34.

114 1874 202 1910 Hab
232 1876 271 1910 in
297 1875 467 1912 collibus
494 1878 532 1912 et
558 1878 670 1922 agris
700 1877 839 1913 otiosis
870 1875 1132 1924 Cappadociae
1164 1884 1283 1921 prope
1306 1872 1540 1908 Karahissar
1559 1869 1701 1914 (Ball),
1731 1868 1782 1904 ad

69 1919 260 1958 Duudarli
290 1923 382 1969 (Ky.
411 1923 530 1969 2181),
562 1924 611 1960 ad
645 1924 836 1971 Yaparlar
866 1925 977 1960 Kieui
1011 1933 1131 1970 prope
1165 1920 1329 1958 Oueiiak
1360 1920 1545 1965 Pbrygiae
1576 1917 1714 1962 (Ball),
1740 1916 1780 1951 in

69 1967 270 2014 Lycaonia
290 1970 484 2016 (chihl).

117 2033 253 2069 Dissert
270 2045 294 2069 a
311 2035 357 2070 N.
390 2032 589 2071 Ueraniec‘i
606 2037 644 2070 et
661 2032 971 2081 helz'otropisolici
989 2034 1117 2080 cymis
1136 2032 1423 2075 confertisscris‚
1438 2042 1459 2066 a
1479 2030 1597 2077 priori
1620 2030 1783 2081 insuper

65 2078 230 2116 bracteis
249 2084 287 2117 et
303 2082 488 2118 dentibus
508 2082 654 2128 calycis
673 2083 858 2128 recurvis,
880 2093 902 2117 a
922 2083 1136 2129 posteriore
1149 2080 1297 2126 calycis
1316 2079 1503 2115 dentibus
1527 2077 1780 2113 abbreviatis.

126 2197 195 2239 86.
227 2196 292 2239 N.
320 2197 590 2252 calycina
611 2198 762 2252 (Fenzl
787 2197 914 2240 Flora
944 2199 1070 2240 1843.
1096 2211 1135 2250 p.
1159 2197 1267 2251 400)
1291 2196 1502 2250 adpresse
1528 2205 1779 2243 canescens,

67 2255 262 2298 caulibus
289 2258 446 2300 erectis
466 2256 616 2310 rigidis
642 2258 730 2299 fere
753 2271 774 2299 a
798 2257 888 2300 basi
913 2258 1058 2311 patule
1080 2256 1354 2311 paniculatiS.
1380 2255 1493 2297 soliis
1520 2254 1782 2295 brevissime

70 2314 282 2368 petiolatis
328 2315 527 2370 oblongis
567 2317 737 2359 obtusis
783 2317 1069 2370 subintegris.
1113 2316 1270 2359 rameis
1308 2319 1492 2366 anguste
1532 2312 1782 2355 lanceolatis

67 2374 217 2425 acutis,
248 2375 385 2428 cyiuis
424 2375 532 2416 laxis
565 2375 805 2418 di(·liotome
838 2375 1076 2427 5-7-ssor1s,
1124 2375 1309 2418 bracteis
1346 2372 1586 2416 linearibus
1614 2371 1783 2423 calyces

67 2433 354 2487 aequantibus.
391 2434 551 2488 calycis
596 2433 866 2478 canescentis
912 2435 1054 2477 striati
1103 2434 1309 2477 dentibus
1352 2432 1602 2474 lanceolatis
1642 2430 1782 2472 acutis

71 2492 196 2533 rectis
227 2492 423 2535 innocuis
447 2493 550 2535 tubo
579 2493 711 2547 duplo
740 2494 1019 2536 brevioribus
1052 2494 1213 2537 corolla
1247 2494 1378 2547 parva
1411 2494 1567 2534 caruca
1596 2489 1781 2531 subbre-

70 2549 275 2601 vioribus‚
303 2552 474 2594 nuculis
502 2553 714 2595 malleatis
751 2559 807 2600 46.

113 2621 210 2658 Hah.
229 2624 269 2659 in
289 2625 395 2671 agris
415 2625 616 2671 argillosis
637 2626 935 2672 Mesopotamiae
958 2627 1058 2663 inter
1076 2626 1225 2663 Suerek
1248 2626 1293 2666 fet
1320 2623 1531 2661 Diarhekir
1553 2622 1643 2667 (ΚΥ.
1663 2622 1725 2656 56!
1745 2623 1782 2656 et

65 2667 184 2716 1451),
213 2672 312 2708 inter
338 2673 429 2708 Oria
451 2677 489 2708 et
511 2673 691 2709 Kharrun
713 2673 944 2718 (mass-kz),
971 2675 1009 2709 in
1036 2674 1208 2710 collibus
1238 2673 1435 2708 Armeniae
1466 2670 1653 2705 australis
1681 2670 1782 2704 inter

67 2713 217 2764 Karput
235 2722 273 2755 et
292 2719 422 2755 Siwas
443 2720 545 2765 (Noe
566 2721 633 2756 841
650 2723 689 2766 t).
708 2721 748 2756 in
770 2720 932 2757 incultis
955 2731 1076 2768 prope
1096 2721 1242 2757 Baibut
1261 2721 1461 2765 (Bourgt).

113 2780 187 2816 Vix
205 2782 370 2828 pedalis,
400 2784 519 2820 facies
538 2783 740 2820 Marrubii
755 2785 977 2832 parvz'flori,
1005 2796 1029 2821 a
1053 2785 1339 2831 congeneribus
1364 2783 1493 2819 differt
1517 2782 1664 2828 calycis
1688 2782 1782 2817 den·

66 2827 171 2864 tibus
189 2828 378 2866 brevibus
400 2831 483 2867 basi
502 2831 594 2867 latis
609 2832 867 2868 acutiusculis
888 2833 1050 2879 quidem
1068 2832 1138 2869 sed
1159 2843 1235 2868 non
1256 2831 1502 2867 acuminatis.

127 2936 196 2978 87.
228 2936 290 2978 N.
330 2938 696 2992 cryptantha
731 2938 892 2994 (Boiss.
932 2944 975 2982 ct
1012 2939 1199 2982 Haussk.
1230 2939 1272 2980 in
1298 2938 1489 2980 llaussk.
1521 2950 1609 2980 exs.
1653 2936 1781 2990 1865)

69 2995 213 3046 patule
236 2999 277 3038 et
304 2995 576 3050 longiuscule
599 2998 1080 3053 pupilloso-liispidula,
1108 2998 1306 3041 caulibus
1335 2999 1492 3040 erectis
1519 2997 1782 3050 paniculato-
