2100 3262
317 172 390 210 902
1038 181 1310 208 SALSOLACEAE.
1716 170 2018 220 chenopodium.

323 255 434 299 foliis
477 253 659 297 alternis
707 253 924 309 petiolatis
966 255 1160 297 cuneatis
1203 254 1723 298 subrotundo-rhombeIS
1765 256 2018 303 subtrilobis

323 314 492 358 obtusis
512 312 718 366 dentatis,
744 313 1047 368 superioribus
1071 313 1366 357 conformibus
1381 313 1612 356 diminutis
1630 314 1848 356 interdum
1867 329 2018 370 angus—

321 374 522 421 tioribus,
546 372 704 416 florum
731 373 984 426 glomerulis
1005 373 1049 415 in
1072 384 1266 416 racemos
1292 373 1358 415 vel
1386 384 1534 427 cymas
1555 373 1756 416 axillares
1773 374 2014 427 paniculam

321 433 514 477 strictam
555 432 750 475 foliosam
789 431 1025 474 formantes
1062 432 1297 486 dispositis,
1341 432 1550 486 perigonii
1596 432 1806 474 fructiferi
1853 434 2017 479 laciniis

321 493 525 535 carinatis
564 492 753 534 fructum
800 491 1068 546 tegentibus,
1111 491 1278 536 semine
1324 491 1579 534 horizontali
1619 491 1753 534 nitido
1800 492 2017 536 subtiliter

320 555 525 606 punctato
544 551 744 605 margine
770 551 926 594 obtuso
954 555 1020 601 O.
1049 549 1103 592 Ic.
1127 549 1254 592 Vaill.
1279 550 1373 592 Bot.
1401 551 1484 593 tab.
1513 551 1551 602 7,
1575 550 1645 604 fig.
1671 550 1702 592 Ι.

368 625 469 661 Hah.
490 626 530 661 in
550 626 666 661 cultis
682 628 720 661 et
734 625 920 668 arenosis,
939 624 1092 660 Graecia
1109 625 1149 660 in
1164 624 1311 660 Attical
1331 626 1369 659 et
1384 624 1639 671 Cephallenia
1653 625 1841 672 (Heldrl),
1859 626 2016 671 regione

322 673 453 708 media
472 674 618 709 montis
636 672 804 719 Kyllene
824 671 1009 717 (Heldrl),
1039 672 1155 718 Syria
1178 671 1344 707 littorali
1371 671 1453 716 (Bll
1472 671 1618 717 Gailll)
1645 674 1683 708 et
1709 674 1811 708 circa
1837 673 2015 710 Marasch

320 720 558 813 ἕξειιλιὲἓῗῇὲ),
597 720 909 756 Transcaucasia
945 719 1112 766 (Hohl),
1156 719 1293 755 Persia
1321 718 1474 755 boreali
1507 722 1545 755 et
1576 719 1809 755 occidentali
1846 720 2019 765 (Buhset

368 834 430 870 Ar.
452 834 588 878 Geogr.
608 834 767 881 Europa
783 833 913 869 media
932 833 970 868 et
987 831 1173 868 australis
1192 842 1215 867 a
1231 831 1362 868 Dania
1379 833 1418 868 et
1430 831 1577 868 Gothia
1597 832 1646 868 ad
1666 831 1866 878 regionem
1884 832 2017 869 Danu-

321 879 481 927 bialem,
499 881 631 917 Africa
648 880 829 926 borealis,
846 880 1075 926 Abyssinia.

381 999 420 1040 6.
456 1000 497 1044 C'.
543 999 775 1043 murale
809 999 878 1054 (L.
911 998 983 1052 Sp.
1018 1011 1058 1053 p.
1096 997 1201 1054 318)
1235 1011 1427 1042 annuum
1453 998 1607 1051 viride,
1642 1000 1837 1044 caulibus
1869 1012 2016 1043 ascen·

317 1057 521 1102 dentibus
553 1057 955 1113 angulato-sulcatis
993 1071 1017 1100 a
1056 1058 1147 1100 basi
1189 1058 1386 1109 ramosis,
1423 1059 1534 1100 foliis
1567 1059 1767 1102 omnibus
1801 1060 2017 1113 petiolatis

319 1118 501 1161 alternis
526 1117 895 1161 rhombeo-ovatis
924 1117 990 1161 vel
1019 1117 1213 1171 oblongis
1243 1117 1379 1161 acutis
1403 1117 1676 1172 inaequaliter
1701 1121 1744 1161 et
1768 1122 1892 1162 acute
1914 1119 2015 1161 den-

321 1178 436 1230 tatis,
477 1178 613 1232 cymis
648 1176 902 1220 axillaribus
943 1176 1190 1219 divaricatis
1234 1176 1504 1230 laxiusculis,
1547 1178 1756 1231 perigonii
1805 1179 2016 1221 fructiferi

321 1237 456 1279 clausi
486 1237 650 1279 laciniis
678 1236 983 1288 subcarinatis,
1016 1235 1256 1279 seminibus
1290 1236 1434 1290 opacis
1467 1238 1867 1290 punctam-rugosis
1905 1250 2017 1281 mar-

319 1295 418 1349 gine
443 1296 581 1339 acutis
614 1300 677 1347 Θ.
715 1296 768 1338 lc.
795 1295 857 1338 Fl.
884 1296 991 1338 Dan.
1019 1294 1103 1338 tab.
1127 1296 1253 1337 2048.

362 1371 465 1407 Hab.
487 1373 527 1407 in
548 1371 662 1408 cultis
681 1374 718 1408 et
733 1371 932 1407 ruderatis.
945 1370 1096 1417 ubique
1113 1381 1137 1405 a
1155 1370 1307 1406 Graecia
1329 1372 1367 1406 et
1384 1370 1540 1417 Egypto
1562 1370 1611 1406 ad
1631 1382 1744 1418 prov.
1766 1372 2014 1419 Caucasicas,

317 1417 516 1454 Persiaml
534 1420 723 1455 Arabiam
745 1420 941 1456 Petreaml
963 1421 1001 1453 et
1018 1418 1324 1454 Mascatensem!
1344 1418 1618 1464 Affghaniaml

377 1487 423 1541 β.
455 1486 806 1540 miczroplzyllum.
831 1511 885 1517 —
912 1485 1029 1528 Folia
1051 1485 1262 1528 diminuta
1290 1485 1470 1528 brevius
1496 1485 1682 1529 dentata.

364 1562 465 1598 Hab.
496 1573 536 1597 m
568 1562 766 1598 littoribus
793 1561 957 1596 marinis
984 1560 1129 1597 Eubeae
1160 1559 1347 1607 (Heldrl),
1377 1560 1592 1596 Peninsula
1622 1561 1753 1598 Athoa
1784 1560 1833 1607 (F
1835 1561 1940 1608 rivl),
1967 1562 2016 1598 ad

316 1609 601 1645 Alexandriam
621 1609 763 1656 Egyptl
786 1608 962 1653 (Gailll).

364 1674 426 1710 Ar.
447 1674 580 1719 Geogr.
607 1674 731 1710 Totus
750 1672 858 1708 orbis
875 1673 1080 1707 terrarum.

376 1783 416 1824 7.
446 1781 498 1825 C.
515 1778 842 1835 hybridum
869 1777 936 1833 (L.
956 1778 1027 1832 Sp.
1049 1777 1154 1833 319)
1177 1791 1368 1821 annuum
1395 1778 1547 1830 viride,
1572 1779 1694 1821 caule
1716 1782 1858 1821 erecto
1882 1791 2015 1832 angu-

316 1841 407 1885 loso
450 1853 603 1894 parum
643 1851 830 1888 ramoso,
882 1838 995 1881 foliis
1034 1838 1284 1893 majusculis
1327 1837 1544 1892 petiolatis
1596 1837 2013 1891 triangulari-ovans

314 1900 528 1943 truncatis
548 1898 614 1941 vel
634 1898 907 1941 subcordatis
930 1898 1144 1952 profunde
1171 1896 1518 1940 sinuato-lobatis
1542 1896 1651 1939 lobis
1674 1897 2015 1950 triangularibus

315 1960 466 2010 acutis,
505 1957 687 2001 racemis
728 1957 936 2012 patentim
976 1956 1225 2010 compositis
1260 1956 1417 1999 erectis
1458 1956 1700 2011 paniculam
1740 1957 2010 1999 terminalem

315 2018 494 2062 brevem
531 2016 831 2071 subaphyllam
867 2016 1173 2066 formantibus,
1215 2015 1425 2070 perigonii
1457 2015 1666 2058 fructiferi
1705 2015 1869 2058 laciniis
1906 2015 2011 2057 cari·

316 2078 429 2121 natis
458 2076 722 2131 patentibus,
757 2075 923 2119 semine
954 2075 1207 2118 horIZOntali
1236 2074 1668 2130 punctato-ruguloso
1696 2075 1889 2127 margine
1915 2087 2016 2117 acu-

316 2137 504 2180 tiusculo
533 2141 596 2187 O.
641 2135 698 2178 Ic.
721 2135 786 2178 Fl.
815 2135 923 2177 Dan.
946 2134 1028 2176 tab.
1058 2135 1183 2177 2049.

362 2210 464 2246 Hal).
484 2210 525 2245 in
545 2209 695 2245 ditione
717 2211 761 2244 ut
778 2208 934 2244 videtur
954 2209 1096 2253 rarius,
1126 2208 1275 2244 Tauria
1303 2206 1458 2253 (Stev.),
1490 2207 1691 2243 Caucasus
1719 2208 1757 2242 et
1785 2206 2012 2243 'ri-anscau-

316 2258 421 2294 casia
438 2257 565 2302 (MR,
584 2257 673 2292 CA.
694 2256 810 2302 Mey.,
828 2255 1004 2301 Ledeia).

361 2323 420 2358 Ar.
444 2321 576 2367 Geogr.
603 2321 763 2367 Europa
788 2320 959 2356 borealis
980 2322 1018 2356 et
1035 2320 1167 2356 media
1187 2319 1235 2355 ad
1253 2319 1436 2364 Galliam,
1454 2319 1621 2365 Italiam,
1648 2320 1850 2364 regionem
1871 2319 2009 2355 Danu-

311 2369 458 2406 hialem
480 2371 518 2404 et
533 2369 717 2404 Bossiam
735 2367 907 2403 mediam
926 2378 1065 2415 usque,
1090 2368 1238 2404 Sibiria
1258 2367 1472 2412 Uralensis,
1495 2367 1604 2413 regio
1623 2367 1856 2412 Himalaica,
1878 2367 2013 2402 Africa

313 2416 497 2463 borealis,
514 2417 696 2452 America
715 2415 899 2451 borealis.

375 2526 417 2568 8.
454 2523 508 2568 C.
541 2523 815 2567 urbicum
852 2522 919 2578 (L.
957 2522 1032 2577 Sp.
1074 2523 1180 2576 318)
1216 2535 1425 2574 annuum,
1461 2523 1582 2566 caule
1621 2526 1764 2566 erecto
1806 2525 2008 2576 angulato

316 2595 495 2638 procero
519 2583 667 2625 stricte
693 2586 735 2624 et
760 2594 886 2636 parce
910 2595 1093 2631 ramoso,
1128 2582 1241 2625 foliis
1271 2582 1487 2636 petiolatis
1514 2582 1671 2624 erectis
1695 2595 1827 2636 supra
1859 2583 2008 2624 viridi-

312 2643 396 2686 bus
423 2642 572 2684 nitidis
600 2642 756 2684 subtus
781 2642 999 2684 interdum
1032 2641 1352 2697 pulverulentis
1379 2642 1636 2690 carnosulis,
1660 2641 1941 2683 inferioribus
1967 2645 2010 2683 et

315 2702 470 2744 mediis
513 2701 856 2753 triangularibus
893 2701 981 2742 basi
1024 2701 1065 2743 in
1111 2700 1318 2755 petiolum
1365 2701 1594 2754 protractis
1631 2701 1768 2742 acutis
1803 2703 1927 2742 acuto
1970 2704 2012 2741 et

314 2759 588 2815 inaequaliter
630 2760 832 2812 dentatis,
866 2759 1170 2813 superioribus
1206 2758 1423 2802 rhombeis
1459 2763 1501 2802 et
1541 2759 1785 2802 lanceolatis
1819 2759 2010 2801 subinte-

315 2820 420 2873 gris,
455 2819 611 2861 florum
645 2818 897 2871 glomerulis
933 2819 1066 2860 dense
1105 2819 1170 2861 vel
1209 2819 1455 2872 interrupte
1487 2818 1678 2872 spicatis,
1705 2818 1836 2872 spicis
1870 2819 2006 2871 longis

316 2878 566 2932 compositis
604 2877 814 2931 elongatis
854 2879 961 2920 cauli
1004 2877 1291 2921 strictissimis
1329 2877 1530 2932 thyrsum
1571 2878 1744 2930 longum
1776 2881 2006 2930 angustum

312 2936 484 2980 inferne
517 2937 718 2979 foliosum
750 2937 1052 2988 formantibus,
1092 2936 1305 2991 perigonii
1341 2936 1552 2979 fructiferi
1585 2936 1751 2979 laciniis
1785 2948 1869 2979 non
1901 2936 2008 2978 cari-
