2065 3271
110 257 322 298 Cannabis.
840 262 1092 289 unTicAcEAE.
1714 252 1816 290 11:33

112 339 314 382 masculis
342 340 466 391 longe
491 337 761 392 puniemus,
787 335 1040 387 glomerutis
1064 335 1270 377 saemineis
1299 335 1616 377 subsessilibus
1643 334 1806 387 spicam

114 397 383 441 terminalem
411 396 700 438 formantibus
723 399 791 446 Ε).
823 395 874 436 [c.
898 393 1010 435 Nees
1033 393 1139 435 Gen.
1166 393 1310 436 Germ.
1343 417 1389 423 —
1409 393 1544 435 Rcbb.
1576 398 1601 435 t.
1623 395 1720 435 655.
1749 416 1807 423 —-·

110 456 151 500 C.
184 454 434 504 Orientali-5,
463 454 502 496 C.
531 454 699 505 Indica,
728 454 768 496 C.
797 452 1026 495 Chincusis
1055 454 1176 494 Auet.

157 531 258 566 Hah.
284 530 429 575 ubique
456 529 561 564 culta
587 531 624 563 ct
654 529 693 563 in
722 528 855 564 Persi-<t
886 527 1160 562 austro-occid.
1186 527 1354 572 aliisque
1385 527 1480 562 locis
1512 527 1808 573 subspontanea

113 577 338 623 (Haussk!)‚
358 587 405 611 ex
424 576 568 611 Sibiria
587 576 649 611 vel
671 577 833 621 regione
852 573 1075 610 Hunalaica
1094 574 1370 610 verosimiliter
1392 574 1570 609 oriunda.

716 737 834 778 ΤιιιΒ.
869 735 939 777 ΙΙΙ.
976 735 1092 778 MOR
1102 735 1198 776 EJE.

172 865 378 908 Ovarium
410 866 706 908 1-2-toeutare.
736 865 921 908 Ovulum
952 864 1187 918 pendulum
1224 865 1610 918 campylotrouum.
1650 868 1809 908 semen

113 925 365 979 pendulum.
413 924 627 967 Albumen
675 936 906 967 carnosum
956 924 1237 977 cmbryonem
1282 928 1510 966 curvatum
1561 925 1802 966 involvens.

114 984 298 1026 Fructus
322 983 501 1036 spurius
525 996 734 1025 carnosus
761 995 783 1024 c
817 984 1087 1036 receptaculo
1117 983 1179 1024 vol
1212 995 1234 1024 e
1273 984 1543 1035 receptaculo
1568 988 1610 1025 et
1646 984 1808 1037 pcrigo-

114 1042 198 1085 niis
225 1043 446 1085 formatus.
475 1067 525 1072 —
555 1042 761 1084 Arbores.

675 1188 844 1235 MORUS
871 1188 933 1249 (L.
965 1190 1065 1235 Gen.
1098 1187 1243 1247 4055).

174 1321 324 1363 Flores
351 1321 532 1362 monoici
561 1333 657 1362 raro
683 1321 807 1363 dioici
832 1321 873 1362 in
899 1322 1040 1374 spicas
1068 1321 1133 1364 vel
1158 1321 1344 1376 capitula
1369 1320 1639 1363 unisexualia
1667 1320 1811 1374 dispo-

116 1380 199 1422 siti.
228 1380 358 1422 Mose.
380 1380 654 1430 Pcrigoniuin
684 1380 954 1432 4-1iartitum.
974 1380 1164 1422 Stamina
1183 1382 1210 1422 4
1236 1380 1468 1422 filamentis
1492 1379 1811 1431 praessoratione

117 1439 297 1482 inflexis.
329 1438 441 1480 Fam.
476 1439 753 1491 Pcrigonium
789 1440 1080 1492 4·5-sepalum
1117 1441 1276 1492 seualis
1310 1439 1449 1481 ovatis
1481 1439 1680 1480 concavis
1715 1452 1813 1484 mox

115 1498 376 1540 succulentis
416 1498 613 1539 ovarium
652 1497 1012 1552 amplexantibus.
1054 1497 1261 1541 Ovarium
1307 1498 1555 1540 biloculare.
1603 1496 1811 1548 Stigmata

116 1557 229 1599 bina.
284 1556 470 1598 Fructus
514 1555 836 1610 (syncarpium)
883 1568 935 1599 ex
985 1557 1182 1600 utriculis
1227 1557 1609 1611 capitato-spinatis
1656 1558 1811 1601 abortu

117 1615 432 1668 monospermis
467 1615 688 1667 perigonio
728 1616 896 1657 baccato
937 1616 1116 1659 inclusis
1154 1617 1268 1659 inter
1301 1628 1348 1658 se
1386 1616 1552 1658 coalitis
1588 1616 1811 1659 formatus.

117 1674 303 1717 Seminis
339 1678 447 1715 testa
478 1673 586 1716 dura
613 1674 789 1727 fragilis.
825 1674 1010 1729 Embryo
1049 1676 1290 1718 uncinatus.
1317 1699 1372 1705 -——
1410 1675 1602 1717 Arbores
1636 1676 1813 1720 lactissui

116 1733 231 1775 foliis
259 1732 451 1775 alternis

180 1847 214 1887 1.
249 1845 316 1887 Μ.
351 1844 528 1899 niqra
559 1844 626 1899 (L.
653 1845 724 1898 Sp.
756 1845 899 1900 1398).
932 1846 1044 1887 foliis
1069 1845 1405 1888 cordato-ovatis
1429 1847 1812 1890 serrato-dentatis

116 1904 270 1946 lobatis
300 1905 366 1946 vel
404 1903 616 1955 indivisis,
651 1905 780 1958 spicis
816 1905 1009 1947 femineis
1033 1905 1352 1947 subsessilibus
1388 1905 1629 1959 pedunculo
1656 1907 1812 1948 multo-

116 1963 197 2005 ties
224 1963 504 2017 longioribuS.
533 1964 674 2006 fructu
708 1963 838 2015 cduti,
865 1964 1074 2017 perigonii
1108 1964 1273 2007 laciniis
1304 1965 1668 2019 stigmatibusquc
1698 1978 1812 2007 mar-

116 2022 214 2075 gine
244 2022 450 2075 villigcris
473 2025 512 2071 5.

166 2095 266 2130 Hah.
285 2096 431 2142 ubique
451 2095 566 2141 culta,
590 2097 628 2131 in
647 2095 773 2141 sylvis
792 2097 990 2132 districtus
1005 2097 1326 2133 Transcaucasici
1343 2097 1514 2143 Talysch
1534 2097 1584 2132 ad
1600 2097 1812 2132 Leukoi-an

119 2142 313 2188 (Hohen.)
335 2145 372 2178 et
390 2144 532 2178 Persiae
553 2143 725 2178 borealis
747 2143 795 2178 ad
815 2144 1000 2190 Caspium
1022 2145 1183 2190 probab.
1202 2149 1434 2191 spontanea.

119 2247 133 2280 t
165 2198 226 2233 Ar.
249 2197 389 2243 Geoqr„
410 2197 562 2244 Ubique
589 2198 629 2232 in
658 2197 812 2245 Europa
835 2198 963 2234 media
982 2200 1018 2234 et
1034 2199 1196 2234 australi
1217 2199 1323 2234 culta
1342 2201 1379 2234 et
1397 2198 1489 2235 hinc
1511 2198 1602 2233 inde
1620 2198 1813 2244 subs-pon—

135 2254 245 2280 anea.-

177 2347 214 2388 2.
249 2347 318 2389 M.
345 2346 483 2390 alba
498 2347 564 2402 (L.
590 2346 661 2400 Sp.
691 2346 818 2401 1398)
842 2346 951 2389 foliis
975 2347 1312 2392 cordato-ovans
1330 2347 1420 2390 basi
1441 2346 1600 2402 saepius
1628 2347 1813 2400 inaequa-

118 2405 233 2448 libus
259 2405 439 2458 integris
463 2407 645 2449 serratis
672 2406 735 2447 vel
764 2406 929 2457 lobatis,
959 2407 1216 2459 pedunculis
1240 2408 1381 2461 spicas
1411 2406 1616 2448 femineas
1640 2418 1813 2457 aeqnan-

119 2464 250 2509 tibus,
277 2465 484 2519 perigonii
516 2465 679 2507 laciniis
705 2465 898 2517 margine
924 2466 1102 2518 glabris.
1126 2467 1402 2520 stigmatibus
1428 2465 1591 2518 glabris
1621 2465 1813 2508 breviter

118 2523 354 2577 papillosis,
383 2525 522 2566 fructu
545 2524 741 2577 insapido
770 2531 804 2571 5.
833 2523 885 2565 M.
907 2524 1060 2566 Indica
1086 2525 1129 2566 L.
1157 2539 1193 2579 p.
1225 2526 1346 2567 1399.

165 2598 303 2634 Variat
318 2599 488 2634 multum
503 2612 511 2644 ;
528 2599 676 2636 fructus
697 2599 792 2643 albi,
811 2599 872 2635 vel
894 2601 995 2646 nigri
1009 2600 1071 2636 vel
1088 2600 1241 2637 rubelli.
1260 2601 1319 2636 Ex
1334 2600 1459 2636 Chinzi
1474 2599 1640 2635 oriunda
1661 2599 1814 2636 dicitur.

164 2654 226 2690 Ar.
245 2654 378 2700 Geogr.
399 2654 552 2701 Ubique
570 2654 610 2690 in
628 2655 790 2700 regione
809 2654 1094 2691 mediterranea
1111 2655 1280 2701 Europae
1299 2657 1337 2690 et
1355 2655 1498 2690 Africae
1513 2654 1682 2690 borealis
1697 2654 1813 2690 culta.

117 2807 263 2856 Ficus
292 2807 358 2866 (t.
390 2808 488 2856 Gen.
521 2821 560 2869 p.
589 2807 718 2856 1186.
746 2835 806 2842 —-
841 2807 1118 2871 Urostiqma
1148 2815 1195 2855 et
1223 2807 1520 2868 Sycomorus
1540 2806 1817 2868 Gasparr.).

175 2939 325 2983 Ftores
361 2941 540 2984 monoici
573 2941 637 2984 vel
676 2941 800 2984 dioici
832 2943 983 2996 parieti
1018 2943 1188 2984 interno
1219 2942 1481 2994 receptaculi
1514 2942 1683 2984 carnosi
1718 2942 1811 2983 cavi

115 2999 532 3054 pyrit'ormi-globosi
554 3000 645 3044 basi
673 3001 876 3044 bracteati
903 3002 1020 3055 apice
1046 3000 1277 3043 umbilicati
1305 3005 1348 3042 et
1371 3011 1445 3042 ore
1472 3005 1657 3054 angusto
1686 3013 1819 3055 squas
