2065 3271
162 220 334 257 Rumeoe.
891 228 1153 256 POLYGONEAE.
1779 228 1873 265 1017

159 302 436 337 verosimiliter
452 303 603 348 spectat
621 300 667 338 R.
688 303 901 337 montanus
919 301 1064 337 Ledeb.
1086 302 1143 337 Fl.
1164 301 1276 338 Ross.
1298 301 1365 347 III,
1399 313 1437 348 p.
1462 302 1532 340 510
1562 314 1639 340 non
1675 306 1781 342 Dosf.
1816 309 1866 347 R.

159 353 370 385 montanus
390 350 497 384 Desf.
531 363 575 382 z:
608 348 656 384 R.
681 347 864 393 arz'folz'ccs
882 348 958 383 All.
985 351 1044 383 est
1070 350 1220 394 species
1241 349 1437 395 Europaea
1463 351 1574 386 caule
1605 354 1724 399 tenui,
1753 355 1861 393 foliis

156 395 351 431 viridibus
367 396 686 441 membranaceis,
706 395 862 442 stipulis
881 395 1057 441 integris,
1078 395 1263 442 panicula
1280 396 1484 432 laxissimzi
1504 398 1675 435 diversa.

217 497 287 538 27.
326 496 385 538 R.
412 496 737 539 tuberosus
775 494 838 550 (L.
869 494 939 548 Sp.
971 494 1001 545 I,
1038 507 1074 548 p.
1109 493 1217 552 481)
1259 497 1467 550 perennis
1509 498 1662 539 viridis
1703 501 1864 555 glaber,

159 555 303 597 radice
334 567 448 608 saepe
475 555 712 597 incrassata
741 553 873 595 fibras
908 554 1008 607 plus
1044 555 1188 596 minus
1220 554 1406 609 abrupte
1446 556 1489 598 in
1531 557 1682 600 tubera
1719 564 1865 604 ovato·

160 613 340 668 oblonga
378 614 642 656 incrassatas
685 613 857 665 edente,
897 613 1092 655 caulibus
1139 613 1296 655 erectis
1333 615 1400 656 vel
1443 616 1780 661 ascendentibus
1820 620 1865 664 in

157 673 401 727 paniculam
428 673 605 715 brevem
635 685 787 725 parum
818 684 1031 714 ramosam
1056 672 1273 725 aphyllam
1301 671 1577 725 abeuntibus,
1599 675 1707 717 soliis
1731 690 1863 720 mem-

158 732 384 775 branaceis
423 732 684 774 radicalibus
723 732 846 783 longe
883 731 1097 784 petiolatis
1134 732 1272 772 ovatis
1313 733 1377 774 vel
1419 732 1614 785 oblongis
1655 738 1862 788 repandis

157 790 326 834 obtusis
364 791 453 834 basi
492 791 635 832 rarius
672 790 917 832 rotundatis
953 791 1114 842 saepius
1149 790 1338 832 cordatis
1375 792 1442 833 vel
1482 793 1862 839 cordato—uastatis

157 851 363 893 aurIculis
403 849 613 893 brevibus
641 849 969 902 divergcntibus
1000 849 1168 890 obtusis
1194 849 1261 891 vel
1288 850 1440 902 acutis,
1478 851 1590 893 foliis
1622 855 1861 906 superiori-

155 909 236 952 bus
287 910 516 952 sessilibus
568 908 747 950 hastatis
795 907 1219 950 lineari-lanceolatis
1263 908 1415 960 acutis,
1459 910 1683 962 pedicellis
1728 926 1862 967 supra

156 969 346 1011 medium
373 968 627 1019 articulatis,
656 967 794 1010 valvis
822 967 1162 1009 membranaceis
1187 968 1591 1011 ovato-orbiculatis
1621 972 1860 1017 reticulatis

155 1026 247 1068 basi
281 1027 468 1070 cordatis
508 1028 651 1068 rarIus
691 1026 902 1068 truncatis
939 1025 1115 1068 achenio
1145 1026 1413 1078 longioribus
1436 1031 1478 1069 et
1503 1028 1729 1072 latioribus
1769 1031 1861 1074 basi

156 1086 262 1128 callo
299 1087 467 1129 deflexo
504 1086 725 1128 interdum
768 1085 995 1127 deliciente
1028 1085 1164 1127 auctis
1194 1090 1254 1132 36.
1303 1085 1355 1126 [c.
1381 1085 1444 1127 Fl.
1473 1086 1619 1128 Graeca
1642 1089 1725 1131 tab.
1756 1091 1857 1133 348.

157 1169 207 1175 —
233 1146 285 1187 R.
315 1146 510 1188 Creticus
539 1145 681 1187 Boiss.
713 1144 861 1196 Diagn.
891 1143 986 1185 Ser.
1014 1143 1045 1194 I,
1080 1145 1143 1195 12,
1169 1157 1209 1198 p.
1243 1145 1337 1186 102.

202 1218 305 1254 Hah.
319 1218 360 1254 in
376 1219 542 1263 saxosis,
560 1219 693 1264 pratis,
713 1217 882 1263 regionis
902 1216 1097 1252 interioris
1111 1218 1148 1252 et
1164 1220 1372 1263 montanae,
1389 1218 1541 1254 Graecia
1558 1220 1606 1255 ad
1624 1220 1862 1261 Corinthum

155 1266 330 1312 (Orpli!)‚
362 1269 495 1301 monte
526 1266 671 1300 Parnes
707 1265 847 1300 Atticae
878 1265 915 1299 et
949 1264 1082 1299 Onion
1121 1263 1280 1300 Baeotiae
1316 1264 1504 1311 (Helen-1),
1543 1268 1657 1302 Cret-li
1690 1269 1862 1318 (naun),

155 1313 395 1358 Cycladibus
427 1313 581 1358 (Sami),
614 1312 797 1357 Byzantii
832 1310 1081 1357 (Mul-mani),
1125 1311 1254 1356 Lydia
1285 1311 1334 1347 ad
1364 1311 1575 1358 Smyrnam
1608 1315 1711 1358 (ssal.
1741 1317 1861 1364 3532),

154 1360 293 1396 Rhodo
323 1361 524 1405 (Bourgt),
564 1362 695 1406 Cypro
728 1358 907 1404 (Simu),
942 1357 1057 1404 Syria
1084 1358 1133 1393 ad
1165 1358 1318 1405 Aleppo
1351 1360 1582 1405 (Hausskl),
1614 1363 1862 1408 Cappadocia

151 1407 291 1454 (Ball),
309 1407 480 1453 Georgia.
499 1407 713 1443 Caucasio-a.
730 1406 888 1451 (Hohl),
903 1406 1041 1441 Persia
1057 1405 1208 1441 boreali
1226 1406 1427 1451 (ssuhsel)‚
1447 1408 1594 1444 Tauria
1613 1410 1768 1455 (stem.

199 1472 261 1507 Ar.
282 1473 414 1517 Geoqr.
440 1472 574 1507 Africa
593 1470 778 1507 borealis.

212 1572 281 1614 28.
321 1572 379 1614 R.
411 1572 648 1615 lacerus
673 1570 813 1616 (Balb.
854 1570 1028 1614 Miscell.
1071 1584 1109 1625 p.
1151 1570 1221 1626 19)
1256 1585 1443 1625 annuus,
1472 1574 1581 1616 collo
1607 1574 1860 1627 pluricaulis

152 1631 349 1674 caulibus
392 1631 614 1674 herbaceis
658 1631 966 1673 crassiusculis
1019 1630 1379 1673 decumbentibus
1430 1636 1472 1675 et
1521 1633 1859 1680 ascendentibus

152 1689 361 1733 brevibus
385 1690 553 1732 inferne
578 1690 819 1732 dicliotome
841 1689 1041 1741 ramosis,
1063 1690 1175 1731 foliis
1198 1691 1346 1744 parvis
1371 1692 1616 1733 carnosulis
1642 1693 1857 1746 petiolatis

153 1749 493 1803 pinnalipartitis
509 1749 577 1792 vel
598 1749 696 1790 fidis
712 1749 994 1792 inferioribus
1012 1749 1237 1792 latioribus
1255 1750 1363 1791 lobis
1384 1751 1634 1793 lateralibus
1655 1753 1860 1806 utrinque

154 1809 228 1849 1-2
264 1807 752 1861 ovato-triangularibus
782 1808 848 1849 vel
876 1807 1322 1861 oblongo-linearibus
1360 1811 1508 1863 parvis
1536 1822 1649 1863 saepe
1679 1811 1860 1855 deflexis

151 1866 372 1910 interdum
413 1867 545 1910 nullis
586 1867 804 1909 terminali
851 1867 1010 1920 majore
1046 1867 1302 1919 triangulari
1344 1872 1482 1920 acuto,
1522 1869 1633 1911 foliis
1674 1871 1859 1913 suminis

151 1925 649 1969 lanceolam-linearibus
694 1926 890 1980 integris,
933 1926 1116 1968 racemis
1166 1924 1422 1970 axillaribus
1468 1931 1509 1971 et
1556 1929 1859 1972 terminalibus

149 1985 338 2039 apbyllis
359 1985 719 2039 subsimplicibus
738 1986 862 2034 laxis,
886 1984 1108 2038 pedicellis
1128 1985 1404 2028 filiformibus
1428 1988 1567 2029 t'ructu
1592 1987 1860 2040 longioribus

151 2056 287 2097 prope
309 2044 431 2087 basin
457 2044 711 2094 articulatis,
736 2045 872 2087 valvis
904 2045 1096 2087 tenuiter
1124 2044 1463 2088 membranaceis
1501 2047 1740 2088 reticulatiS
1768 2060 1860 2090 cor-

151 2102 263 2145 datis
286 2103 781 2146 reniformi-orbiculatis
805 2103 910 2146 callo
926 2103 1109 2156 oblongo
1129 2103 1354 2146 instructis
1376 2109 1443 2156 G).
1469 2106 1519 2147 R.
1542 2105 1687 2157 pietus
1707 2106 1860 2148 Forsk.

150 2160 226 2214 Eg.
256 2163 386 2204 Arab.
412 2176 450 2217 p.
483 2162 571 2204 77⁶?
598 2188 650 2193 --
674 2163 857 2204 Acetosa
876 2161 1090 2214 AEyyptia
1112 2173 1238 2203 roseo
1262 2162 1445 2205 seminis
1471 2163 1714 2216 involucro,
1745 2163 1860 2216 folio

152 2219 294 2262 lacero
320 2222 443 2276 Lippi
473 2221 623 2264 Schaw
647 2221 833 2275 Specim.
865 2221 921 2262 N⁰
949 2225 991 2272 5,
1018 2221 1099 2263 tab.
1137 2223 1164 2262 l.

198 2295 301 2330 Hah.
324 2297 365 2330 in
397 2296 574 2331 arenosis
601 2296 846 2332 desertorum
880 2298 917 2331 et
949 2297 1171 2342 maritimis,
1204 2297 1404 2332 Pales-tina
1437 2297 1484 2332 ad
1514 2298 1722 2334 nwridiem
1757 2299 1863 2335 Gaza

152 2341 330 2388 (Boissl),
352 2343 529 2390 Egyptus
548 2343 599 2379 ad
617 2344 843 2379 Damiatam
861 2343 977 2388 (Em-l
995 2344 1087 2379 Sieb
1100 2346 1137 2389 l),
1154 2344 1203 2379 ad
1219 2344 1503 2380 Alexandriam
1517 2345 1660 2389 (Gailll
1677 2345 1868 2400 Samari)-

211 2409 253 2461 β.
279 2421 609 2462 macrocarpus.
640 2434 694 2441 —
726 2410 920 2454 Valvulae
949 2411 1132 2465 majores
1156 2415 1307 2454 ovatae.

198 2482 299 2518 Hal).
320 2483 359 2518 in
381 2485 557 2519 arenosis
581 2485 790 2520 maritimis
812 2485 937 2531 Syriae
956 2485 1004 2520 ad
1023 2485 1102 2520 Rus
1122 2485 1258 2520 Beirut
1276 2485 1446 2530 (Labilll
1468 2485 1513 2520 Bl
1528 2487 1564 2529 l).

199 2546 357 2592 Species
383 2557 472 2582 cum
499 2547 692 2583 varietate
720 2548 849 2584 lacera
870 2548 918 2585 R.
944 2547 1149 2594 Tz'nffl'tanz'
1169 2549 1210 2584 L.
1244 2559 1323 2584 non
1350 2549 1641 2595 confundenda,
1677 2553 1715 2586 in
1742 2558 1866 2594 regno

152 2593 359 2629 Tunetano
380 2595 416 2629 et
430 2593 592 2640 Algeria
611 2596 809 2640 crescenti,
835 2595 964 2631 radice
991 2597 1162 2642 perenni,
1187 2596 1293 2630 foliis
1313 2596 1428 2641 longe
1448 2597 1866 2642 triangulari-lanceo-

151 2639 240 2675 latis
263 2641 499 2676 acuminatis
518 2642 878 2677 undulato-laceris
897 2643 1092 2678 distincta.
1123 2643 1168 2679 R.
1195 2643 1428 2689 'l'c'nsst'tanus
1447 2643 1487 2679 L.
1510 2654 1673 2679 erronee
1694 2647 1732 2680 ul
1756 2643 1867 2678 vide-

151 2688 213 2722 tur
232 2687 273 2722 in
292 2688 419 2723 Smith
446 2689 582 2724 Prodr.
604 2700 654 2724 ex
674 2689 806 2725 insula
827 2689 959 2736 Cypro
978 2690 1190 2725 indicatur.

212 2786 281 2828 29.
316 2786 379 2828 R.
404 2787 741 2830 vesicarius
767 2787 833 2842 (L.
867 2787 938 2841 Sp.
968 2787 998 2840 Ι,
1038 2801 1075 2842 p.
1105 2788 1211 2842 479)
1245 2802 1433 2840 annuus,
1468 2801 1489 2830 a
1525 2789 1631 2831 collo
1669 2800 1870 2831 ramosus

155 2844 352 2887 caulibus
381 2844 606 2888 herbaceis
634 2847 941 2889 crassiusculis
976 2847 1141 2889 striatIS
1166 2847 1434 2897 dicliotomis‚
1476 2848 1587 2889 foliis
1624 2847 1870 2889 cai-nosulis

155 2903 373 2958 petiolatis
396 2917 418 2946 a
442 2904 532 2946 basi
560 2905 823 2948 subcordata
856 2906 921 2948 vel
946 2907 1199 2949 subhastata
1227 2907 1366 2948 ovalis
1403 2908 1468 2948 vel
1506 2907 1733 2949 ‹lelloideis
1762 2906 1871 2947 inte-

150 2963 256 3016 gris.
286 2964 468 3005 racemis
498 2964 805 3018 oppositii'oliis
834 2968 876 3007 et
900 2965 1205 3008 terminalibus
1230 2965 1502 3020 simplicibus
1540 2971 1578 3009 el
1611 2964 1872 3019 paniculatis

1677 3041 1725 3075 ‹55›
