2065 3271
104 218 325 258 Zwackhia.
813 228 1095 254 BORRAGINEAE.
1733 224 1805 261 223

101 304 179 347 lari
204 305 328 346 ovata
354 303 494 357 plana.
523 326 581 332 —
609 301 750 343 Herba
786 302 992 355 perennis
1019 303 1121 344 facie
1149 302 1337 346 Molchia?
1363 317 1518 347 (mrem.
1562 330 1608 336 —
1649 306 1800 350 Genus

102 363 272 405 corollae
295 360 462 403 laciniis
485 361 641 404 erectis
668 359 856 402 Moltlcioe
875 361 1033 406 aflinis.
1058 362 1109 403 ab
1129 364 1177 404 ea
1207 366 1249 405 nt
1273 377 1292 403 n
1317 363 1618 416 Litlzospermo
1643 371 1803 419 prieter

102 421 300 464 corollam
326 420 696 474 subirregularem
728 419 939 472 profunde
968 420 1295 474 quinquessdam
1325 424 1518 467 antlieris
1546 427 1798 468 connectivo

102 480 326 533 apiculatis
347 483 390 521 et
414 479 466 521 ad
489 479 765 523 deliiscentiae
792 479 1008 532 margines
1036 480 1266 523 fimbriatis
1293 481 1557 525 distinctum.

170 625 198 664 l.
232 622 282 666 Z.
312 632 494 665 aurea
516 620 715 675 (Senatu.
746 622 823 663 loe.
852 621 942 673 cit.)
972 634 1097 675 parce
1120 624 1389 676 ctadprcsse
1415 626 1604 667 setulosa
1631 627 1798 677 viridis,

102 682 334 725 rliizomate
363 681 555 724 verticali
581 692 826 735 squamoso,
847 680 958 722 soliis
983 681 1246 724 radicalibus
1271 683 1529 726 fasciculatis
1554 691 1733 739 anguste
1758 692 1801 730 et

102 742 224 793 longe
252 739 675 783 lineari-lanceolatis
704 739 873 782 obtusis
902 740 993 782 basi
1029 739 1150 793 longe
1179 743 1428 791 attenuatis,
1458 745 1655 787 caulibus
1684 747 1799 788 llori-

100 800 204 843 feris
231 799 631 842 extrarosularibus
654 798 991 841 ascendentibus
1019 800 1060 840 in
1086 811 1303 842 racemum
1329 802 1565 855 simplicem
1593 806 1799 858 scorpioi-

102 859 229 901 deum
256 858 527 901 fructiferum
553 857 798 911 elongatum
833 858 975 900 laxum
1012 858 1289 902 abeuntibus.
1317 860 1428 903 soliis
1456 863 1638 905 cauliiiis
1676 863 1799 905 dimi—

101 918 218 960 nutis
243 917 486 968 sessilibus‚
504 917 661 971 calycis
680 917 892 960 fructiferi
911 919 1065 959 accreti
1088 918 1253 959 laciniis
1276 919 1359 961 late
1379 919 1626 964 lanceolatis
1645 924 1798 974 acutis,

102 978 272 1019 corollae
301 977 423 1019 flavae
447 977 608 1030 glabrae
640 975 742 1019 tubo
770 977 911 1030 calyce
944 976 1223 1029 sublongiore
1254 978 1385 1021 limbo
1420 980 1520 1021 tubo
1556 982 1798 1035 feqiiilongo

102 1035 150 1078 ad
176 1036 364 1078 medium
380 1036 423 1077 in
445 1036 563 1079 lobos
582 1036 789 1089 oblongos
805 1036 1091 1090 quinquefido
1118 1042 1174 1083 26.
1201 1035 1380 1078 MoltMa
1402 1037 1635 1081 Seiicltneri
1655 1041 1796 1083 Boiss,

101 1094 253 1149 Diagn.
276 1094 367 1137 Ser.
394 1094 446 1148 IL
474 1096 514 1147 3,
542 1108 580 1149 p.
615 1096 709 1137 138.

148 1167 246 1204 Hab.
266 1169 377 1215 prob.
396 1169 436 1204 in
455 1168 626 1204 Albania
649 1172 687 1204 et
706 1168 936 1204 Macedoni-A
958 1168 1025 1204 sed
1045 1179 1064 1204 e
1083 1168 1230 1205 ditione
1250 1170 1424 1205 nondum
1444 1172 1537 1206 vidi.

146 1232 207 1268 Ar.
226 1231 357 1278 Geoqr.
378 1232 538 1276 Bosnia,
555 1232 704 1268 Serbia.

101 1396 330 1445 ALKANNA
372 1396 548 1458 (Tauscll
583 1397 687 1446 Flor.
724 1396 854 1453 1824,
893 1412 929 1459 p.
969 1397 1067 1445 234.
1112 1425 1172 1431 —-
1217 1397 1673 1460 Campylocaryum
1704 1415 1796 1448 uc.

253 1462 367 1510 Mss.
392 1490 441 1497 —
477 1462 870 1526 Camptocarpus
890 1463 939 1510 C.
964 1462 1102 1510 Koch
1130 1463 1276 1510 Linn.
1309 1463 1431 1512 1843
1461 1479 1503 1526 p.
1531 1465 1639 1512 304.

159 1619 293 1675 Calyx
331 1621 728 1677 quinquepartitus.
770 1619 937 1663 Corolia
975 1620 1187 1674 regularis
1218 1620 1638 1663 infundibulil'ormis
1675 1622 1796 1674 plicis

103 1679 306 1723 destituta
332 1680 453 1734 rugis
484 1681 750 1724 transversis
776 1680 938 1734 glabris
964 1680 1151 1722 minimis
1172 1679 1391 1721 interdum
1423 1680 1717 1723 subobsoletis
1745 1681 1798 1723 ad

102 1739 262 1782 faucem
296 1739 490 1794 perviam
527 1740 741 1783 instructa
772 1740 860 1781 basi
894 1740 1085 1781 nectario
1114 1739 1413 1782 annulaeformi
1445 1739 1594 1792 glabro
1622 1740 1798 1782 minimo

103 1798 267 1842 donata.
308 1797 499 1841 Stamina
539 1811 697 1842 versus
730 1798 920 1841 medium
949 1798 1103 1841 tubum
1142 1798 1365 1851 spiraliter
1399 1800 1463 1840 vel
1505 1798 1797 1841 verticillatim

100 1857 262 1900 inserta
291 1858 453 1901 inclusa
479 1859 710 1901 [ilamentis
736 1857 1026 1900 brevissimis.
1061 1856 1222 1911 Stigma
1252 1858 1484 1911 capitatum
1514 1857 1578 1898 vel
1606 1858 1799 1900 subbilo-

100 1916 217 1959 bum.
242 1916 421 1960 Nuculae
443 1919 469 1959 4
490 1918 561 1960 vel
584 1918 739 1961 abortu
763 1918 828 1958 ⁹2al
863 1917 1158 1959 verruculosae
1182 1916 1247 1958 vel
1274 1916 1754 1969 scrobiculnto-rugosae
1774 1930 1798 1959 a

101 1974 190 2018 basi
218 1977 356 2020 antica
382 1977 447 2019 vel
475 1977 641 2020 modice
663 1980 854 2020 curvatae
881 1976 980 2018 sinu
1007 1976 1181 2018 busilari
1203 1979 1307 2018 tunc
1332 1976 1413 2018 lato
1442 1979 1482 2017 et
1512 1979 1652 2018 rostro
1683 1976 1797 2017 hori-

100 2036 253 2078 zontali
284 2037 352 2078 vix
374 2035 668 2087 descendenti,
692 2035 762 2078 vel
784 2035 1103 2078 cni-vatissimae
1118 2035 1218 2077 sinu
1238 2034 1413 2077 basilari
1435 2038 1619 2088 angusto
1639 2039 1682 2076 et
1705 2046 1798 2076 ros-

101 2096 167 2136 tro
205 2094 293 2137 fere
326 2095 591 2139 verticaliter
622 2096 758 2148 ssex03
787 2095 934 2137 areola
962 2095 1088 2148 plana
1115 2105 1229 2148 saepe
1257 2094 1450 2148 stipitata
1477 2094 1666 2137 basilari.
1695 2094 1797 2135 sub-

101 2150 275 2196 basilari
303 2154 369 2197 vel
405 2154 448 2196 in
483 2156 624 2198 medio
658 2155 756 2197 sinu
793 2154 875 2197 sita
913 2154 1063 2196 affixae.
1102 2153 1399 2207 Pericarpium
1436 2153 1598 2206 fragile.
1641 2154 1798 2195 semen

102 2216 341 2255 curvatum.
370 2238 419 2244 -
445 2214 603 2257 Herbae
630 2214 735 2256 facie
763 2213 969 2256 Nonneoe.

521 2373 770 2426 specierum
793 2372 1084 2415 Orientalium
1107 2371 1374 2414 distributio.

712 2515 730 2533 ²
757 2515 915 2552 Corolla
937 2520 1051 2552 extus·
1073 2515 1188 2551 hirta.

150 2605 196 2641 A.
216 2605 491 2651 Pulmonaria,
508 2606 712 2651 Scardicffl
735 2605 924 2642 tabidosa.

677 2718 696 2736 *
723 2718 742 2736 '
768 2718 926 2754 Corolla
943 2720 1056 2754 extus
1074 2717 1223 2763 glabra.

105 2811 146 2853 -1-
174 2809 334 2846 Nuculae
359 2810 573 2847 reticulatae
599 2809 661 2847 vel
687 2810 898 2846 tuberculis
923 2809 1012 2845 basi
1037 2807 1327 2844 confluentibus
1352 2804 1798 2847 scrobiculato-rugosae.

743 2931 775 2963 ><
808 2923 976 2960 Corollae
990 2932 1164 2968 cyaneae.

151 3010 199 3047 A.
223 3012 508 3062 macrosz‘plzon,
525 3015 707 3061 εενζσοεα,
726 3013 909 3060 Syriaca,
929 3022 1186 3061 meyacarpa,
1207 3011 1402 3047 tinctor-ia.
