2100 3262
294 210 387 247 1138
979 220 1312 249 EUPHORBIACEAE.
1732 216 1980 259 Andrachne.

292 291 480 335 crassitie,
505 290 600 327 folia
631 290 788 326 tandem
813 290 904 327 9-10
928 291 1054 329 lineas
1085 294 1215 340 longa,
1246 294 1408 340 capsula
1433 295 1582 332 semine
1607 295 1832 333 Gannabeos
1858 298 1976 344 paulo

293 341 426 385 major.
458 338 614 384 Species
643 348 666 372 a
693 339 978 383 congeneribus
998 340 1157 376 ditionis
1176 340 1286 376 caule
1304 340 1489 378 fruticoso
1507 344 1648 379 eximie
1671 343 1864 389 distincta,
1890 355 1914 380 a
1932 346 1976 384 cl.

226 384 228 389 ’
291 384 511 430 Szedinsky
529 385 578 420 ad
594 384 644 419 A.
660 383 887 421 Chz‘nensem
906 385 986 432 Bge
1005 388 1127 423 relata
1146 398 1195 423 ex
1211 388 1468 434 descriptione
1488 389 1594 425 foliis
1613 391 1827 437 maioribus
1843 392 1976 441 acutis,

287 432 451 479 capsula
471 431 595 467 multo
613 432 760 477 majore
779 442 848 467 sex
865 433 1020 469 millim.
1039 434 1117 470 lata
1137 435 1304 481 aliisque
1325 436 1429 471 notis
1450 436 1632 472 alienam.

350 543 394 584 ⁶2.
429 542 491 585 A.
530 540 921 597 telephioides
962 543 1026 600 (L.
1058 544 1131 599 Sp.
1175 545 1303 599 1014)
1341 545 1488 598 glabra
1523 547 1687 600 glauca,
1726 547 1920 590 caulibus
1955 561 1978 595 e

292 601 527 644 rlsszomate
556 601 759 644 indurato
784 603 852 644 vel
881 603 1205 646 suffrutescenti
1232 605 1478 647 numerosis
1512 606 1740 660 prostratis
1768 604 1978 649 filisormi-

290 661 372 703 bus
397 659 666 714 simplicibus
691 661 758 702 vel
786 662 1015 706 ramulosis
1036 663 1187 705 crebre
1214 663 1388 712 foliosiS,
1414 664 1524 706 foliis
1549 664 1761 719 petiolatis
1782 665 1977 709 obovatis

290 720 358 762 vel
387 719 587 772 ellipticis
614 719 911 765 acutiusculis.
949 721 1121 774 stipulis
1148 722 1488 775 triangularibus
1516 722 1686 777 peltatis
1711 723 1978 767 membrana-

288 779 376 821 ceis
419 778 587 828 laceris,
630 779 812 822 floribus
847 780 1100 822 axillaribus
1139 781 1331 824 breviter
1382 781 1645 834 pedicellatis
1690 782 1976 827 subsolitariis

289 838 434 881 rarius
468 838 646 883 2-3-nis‚
684 839 840 892 calycis
868 839 1031 880 laciniis
1066 840 1157 882 basi
1192 840 1425 882 attenuatis
1452 840 1669 883 rhombeis
1696 841 1976 884 acutiusculis

289 900 472 950 anguste
508 898 896 950 albo-marginatis,
942 898 1093 951 petalis
1136 899 1383 941 lanceolatis
1420 900 1561 954 calyce
1598 899 1974 950 subbrevioribus,

290 956 396 998 disci
434 957 653 1009 glandulis
690 956 844 998 bilobis
883 957 1035 1010 petalis
1071 956 1198 1011 triplo
1236 957 1526 1011 brevioribus,
1557 959 1734 1012 capsula
1774 958 1980 1013 depressa

287 1014 450 1068 glabra,
476 1017 714 1058 seminibus
735 1016 948 1068 angulatis
973 1017 1185 1070 punctalis
1210 1016 1338 1058 dorso
1361 1017 1563 1061 convexis
1586 1021 1641 1063 26.
1675 1017 1730 1058 lc.
1754 1017 1813 1058 Fl.
1838 1016 1973 1059 Graec.

288 1075 373 1116 tab.
399 1076 499 1117 953.
524 1100 581 1105 ——
604 1075 729 1117 NeeS.
752 1074 806 1116 Ic.
831 1073 978 1117 Germ.
1016 1100 1068 1106 -—
1099 1075 1146 1116 A.
1170 1074 1467 1127 rotzmdv‘folia
1493 1075 1589 1118 C.A.
1617 1076 1725 1130 Mey.
1748 1076 1792 1117 in
1814 1075 1973 1120 Eicliw.

289 1132 415 1188 Casp.
447 1147 483 1188 p.
512 1135 582 1187 18,
608 1134 689 1176 tab.
719 1135 786 1176 ΞΟ.

336 1206 438 1242 Hab.
463 1207 504 1242 in
529 1206 685 1242 incultis
719 1208 756 1241 et
788 1205 957 1240 collibus
988 1206 1099 1242 siccis
1129 1206 1298 1252 regionis
1333 1206 1529 1243 inferioris
1560 1209 1597 1243 et
1625 1209 1821 1243 montanae
1858 1207 1976 1244 totius

287 1253 451 1289 ditionis
478 1265 500 1289 a
527 1255 677 1289 Graecia
697 1255 735 1287 et
757 1254 838 1299 ejus
855 1252 1013 1288 insulis!
1032 1253 1222 1289 Thracia!
1250 1253 1298 1288 ad
1325 1253 1509 1289 Tam-iam
1536 1256 1574 1289 et
1599 1256 1797 1300 regionem
1825 1254 1975 1290 Cauca-

289 1302 431 1337 sicum!
463 1302 639 1337 Persiam
673 1300 870 1335 borealem
905 1302 943 1335 et
971 1301 1195 1346 australem,
1225 1301 1402 1345 Syriam!
1432 1301 1698 1337 palestinam!
1727 1300 1977 1347 Affghaniam

289 1349 456 1393 (Griffl),
476 1348 739 1384 Belutschiam
762 1347 920 1391 (Stocks
934 1349 970 1391 l).

335 1403 384 1439 A.
399 1403 656 1449 roczmdz‘folz'a
674 1403 798 1437 forma
816 1405 873 1436 est
888 1402 996 1437 foliis
1015 1402 1132 1448 paulo
1148 1402 1419 1438 obtusioribus
1433 1403 1664 1447 rotundatis,
1680 1403 1843 1439 floribus
1860 1403 1977 1440 inter-

291 1451 386 1486 dum
406 1454 448 1486 ut
466 1452 505 1486 in
526 1452 650 1486 forma
672 1450 802 1495 typica
817 1449 976 1485 ‘2-3-nis.

291 1561 319 1597 C
338 1514 399 1549 Ar.
418 1513 768 1596 GepsqrdHispania
800 1514 837 1547 et
861 1511 973 1548 Italia
993 1512 1193 1558 australes,
1213 1512 1433 1559 Dalmatia,
1464 1513 1595 1550 Africa
1620 1513 1804 1559 borealis,
1835 1512 1975 1551 insulae

325 1562 441 1607 apitis
500 1561 546 1596 iri
577 1561 620 1595 is.

349 1661 387 1702 3.
422 1660 484 1702 A.
514 1660 865 1704 fruticulosa
901 1660 1060 1714 (Boiss.
1093 1660 1243 1714 Diagn.
1271 1660 1362 1703 Ser.
1389 1660 1419 1712 l,
1456 1661 1492 1712 7,
1528 1673 1565 1714 p.
1592 1660 1668 1714 86)
1703 1659 1974 1714 fruticulosa‚

288 1719 420 1761 ramis
447 1719 597 1773 rigidis
626 1720 770 1773 patule
793 1724 833 1762 et
857 1720 1085 1762 intricatim
1108 1720 1413 1763 ramosissimis
1437 1719 1677 1774 paucifoliis
1703 1718 1871 1761 inferne
1892 1717 1973 1762 sub

287 1779 401 1820 lente
425 1778 830 1832 papillari-aspcris,
869 1778 981 1820 foliis
1005 1779 1412 1833 oblongo-ellipticis
1440 1777 1752 1822 subsessilibus
1781 1777 1974 1830 margIne

287 1838 369 1880 sub
408 1839 520 1879 lente
558 1837 726 1890 asperis
772 1838 952 1890 glaucis,
995 1838 1167 1891 stipulis
1208 1838 1548 1881 membranaceis
1591 1837 1972 1891 pulvilliformibus

285 1897 525 1946 multitidis,
564 1896 747 1938 floribus
773 1896 1023 1940 axillaribus
1052 1897 1355 1950 subsolitariis,
1390 1897 1545 1952 calycis
1578 1896 1743 1938 laciniis
1778 1895 1974 1948 oblongis

282 1955 450 1999 obtusis
490 1955 882 2009 albo-marginatis,
930 1956 1082 2011 petalis
1122 1956 1637 2011 lanceolato·spathulatis
1678 1953 1973 1998 subtruncatis

284 2015 426 2068 calyce
462 2016 619 2058 triente
655 2014 944 2064 brevioribus,
982 2015 1088 2058 disci
1123 2016 1339 2069 glandulis
1380 2016 1536 2065 bifidis,
1582 2014 1757 2069 capsula
1785 2012 1974 2068 globosa,

284 2074 523 2116 seminibus
551 2074 763 2127 angulatis
786 2074 982 2128 oblongis
1009 2081 1043 2123 5.

330 2148 430 2183 Hah.
454 2149 492 2183 in
515 2148 646 2183 Persia
662 2148 826 2183 australi
845 2159 965 2195 prope
983 2149 1141 2184 Schiraz
1160 2149 1296 2194 (3481),
1317 2149 1355 2184 in
1375 2149 1527 2184 deserto
1548 2148 1652 2183 salso
1675 2147 1775 2182 inter
1792 2146 1973 2184 Teheran

283 2197 320 2230 et
339 2195 511 2241 Ispahan
532 2205 649 2241 prope
666 2195 800 2230 Robut
818 2196 951 2231 Kerim
974 2196 1202 2242 (Hausskl),
1220 2197 1319 2232 inter
1337 2197 1507 2232 Kerman
1527 2198 1564 2230 et
1581 2194 1685 2230 Yezd
1703 2194 1850 2239 (Egel).

329 2251 388 2286 Ex
402 2251 681 2297 speciminibus
700 2251 816 2286 nimis
835 2251 1080 2298 incompletis
1098 2255 1190 2287 nota
1205 2255 1265 2288 sat
1278 2252 1329 2287 ab
1347 2250 1638 2299 A.-·telephz·oide
1651 2250 1804 2285 differre
1820 2248 1974 2286 videtur

282 2299 402 2334 ramis
422 2298 678 2333 crassioribus
698 2299 876 2344 rigidulis
894 2299 1001 2334 duris
1025 2299 1193 2346 aliisque
1212 2301 1316 2335 notis
1336 2300 1376 2334 in
1394 2299 1574 2345 diagnosi
1595 2298 1783 2333 indicatis.
1803 2296 1974 2343 Capsula

280 2345 399 2391 duplo
416 2346 552 2392 major,
573 2345 723 2380 semina
743 2347 868 2392 magis
888 2345 1080 2392 elongata.

339 2448 377 2488 4.
428 2446 490 2489 A.
528 2457 743 2502 aspera
795 2446 995 2502 (Spreng.
1036 2448 1150 2502 Syst.
1188 2449 1262 2499 Ill,
1314 2462 1352 2503 p.
1389 2447 1492 2504 884)
1547 2448 1694 2502 glauca
1736 2445 1967 2500 papilloso-

278 2517 432 2560 aspera
464 2506 531 2548 vel
567 2506 751 2557 birteIla,
790 2508 922 2550 ramis
958 2521 980 2550 a
1016 2508 1251 2551 rhizomate
1292 2509 1455 2561 lignoso
1490 2505 1736 2550 numerosis
1762 2504 1969 2549 tenuibus

278 2565 665 2619 procumbentibus
692 2566 922 2608 ramulosis
950 2579 1065 2621 saepe
1089 2568 1313 2621 elongatis,
1350 2567 1460 2610 foliis
1488 2565 1703 2621 petiolatis
1726 2563 1968 2607 reniformi-

278 2624 360 2666 bus
393 2623 460 2667 vel
498 2623 748 2667 orbiculatis
788 2625 879 2668 basi
915 2626 1100 2670 cordatis
1139 2626 1431 2669 obtusissimis
1467 2625 1768 2680 superioribus
1804 2622 1968 2665 sensim

279 2682 502 2725 diminutis
529 2683 775 2736 sessililms,
805 2686 1061 2738 pedunculis
1088 2686 1140 2727 ad
1166 2686 1317 2729 axillas
1344 2686 1595 2739 superiores
1621 2682 1839 2726 3—1—ssoris
1866 2681 1968 2724 infe·

278 2741 468 2785 rioribus
508 2742 605 2784 folio
646 2744 815 2785 axillari
858 2745 1123 2797 longioribus
1166 2746 1384 2798 paniculas
1419 2747 1624 2797 angustas
1667 2742 1736 2784 vel
1772 2750 1965 2784 racemos

278 2801 497 2856 simplices
520 2802 770 2845 terminales
795 2803 915 2846 laxos
947 2805 1248 2857 formantibus,
1284 2805 1443 2857 calycis
1477 2804 1578 2846 hirti
1605 2801 1770 2845 laciniis
1797 2800 1967 2843 lanceo-

277 2859 375 2902 latis
412 2860 593 2912 obtusiS‚
634 2861 786 2915 petalis
822 2863 963 2916 calyce
1001 2863 1292 2914 brevioribus,
1338 2863 1443 2906 disci
1481 2863 1638 2905 florum
1674 2859 1965 2902 masculorum

279 2918 494 2971 glandulis
533 2921 1039 2973 peltato-reniformibus,
1080 2923 1365 2965 femineorum
1398 2926 1578 2976 anguste
1614 2919 1809 2964 obovatis
1842 2921 1965 2961 trun-

277 2977 396 3028 catis,
423 2979 598 3032 capsula
624 2979 752 3031 hirta,
780 2982 1021 3025 seminibus
1043 2983 1258 3037 angulatis
1284 2982 1478 3036 oblongis
1505 2989 1543 3031 5.
