2065 3271
102 215 290 257 sidentis.
820 225 1018 252 LABIATAE.
1723 219 1793 256 707

103 296 367 342 mucronatis
386 295 540 348 calyce
574 295 858 349 longioribus,
888 297 1042 351 calycis
1071 298 1274 350 patentim
1310 298 1432 351 pilosi
1464 299 1617 342 viridis
1642 299 1792 342 subbi-

104 356 246 400 labiati
287 355 489 398 dentibus
527 354 728 396 omnibns
761 355 1000 409 aequalibus
1037 356 1231 409 oblongis
1269 357 1505 400 reticulatis
1542 358 1786 412 spinuloso*

102 415 365 459 mucronatis
386 414 557 456 demum
589 414 835 466 patentibus
866 414 965 456 labii
990 415 1231 468 superioris
1260 415 1394 456 ternis
1424 416 1552 459 altius
1577 417 1790 469 connatis,

99 474 273 516 corollae
299 474 425 516 luteae
461 473 633 515 demum
670 473 950 516 fuscescentis
984 473 1111 516 limbo
1140 485 1272 527 parvo
1307 471 1499 516 breviter
1521 480 1694 518 exserto
1720 480 1785 526 Θ.

102 532 156 574 Ic.
181 532 298 587 Jacq.
335 533 487 575 Austr.
524 530 609 572 tab.
642 531 738 573 434.
765 555 820 561 —
839 531 971 574 Rcbb.
1007 531 1063 574 Ic.
1103 532 1186 574 tab.
1211 533 1280 574 ⁹25.
1311 554 1364 562 —
1393 532 1598 575 Hesiodia
1621 533 1788 576 bicolor

100 591 277 633 Maencli.

147 662 245 698 Hab.
263 663 302 698 in
322 662 435 698 cultis
458 664 576 699 totius
597 664 763 709 regionis
782 675 803 699 a
821 664 989 706 Graecial
1015 667 1052 699 et
1076 661 1323 699 Macedonia!
1343 663 1393 699 ad
1415 663 1587 709 Syriam!
1607 667 1785 711 regiones

96 708 354 750 Caucasicasl,
378 710 551 746 Pers-iam
572 709 786 747 borealem!
812 715 848 747 et
868 710 1105 751 ausu-aleml,
1127 711 1377 756 Atfghaniam
1397 711 1566 754 (Griff!);
1583 722 1605 747 a
1625 714 1782 756 regione

97 755 266 793 inferiori
285 760 322 794 et
335 760 520 793 montana
538 757 586 794 ad
605 759 839 804 (praesertim
858 760 897 794 in
918 757 1225 801 australioribus,
1240 757 1421 803 Libanol,
1439 758 1570 793 Persia
1589 760 1786 803 australil)

96 803 287 850 alpinam.

142 867 273 903 Variat
299 867 550 915 cryptantka.
585 867 730 904 corolla
760 868 954 904 diminuta
983 868 1237 904 subobartiva
1268 868 1363 904 tubo
1394 867 1536 914 calycis
1562 869 1721 912 incluso,
1747 873 1784 906 et

95 924 264 959 comosa,
283 915 386 951 foliis
406 915 609 951 floralibus
627 916 749 951 auctis
769 915 924 951 flavidis
951 915 999 951 ad
1027 916 1175 961 apicem
1195 926 1395 952 ramorum
1412 916 1593 952 confertis
1614 921 1780 953 comata.

141 987 200 1022 Ar.
236 987 368 1032 Geoqr.
395 986 525 1022 Gallia
556 986 749 1031 australi&
784 987 985 1034 Hispania,
1012 986 1133 1025 Italia.
1163 988 1270 1033 regio
1301 986 1546 1032 Danubialis‚
1573 987 1785 1035 Dalmatia,

94 1032 233 1070 Bossia
256 1034 384 1070 media
405 1036 441 1070 et
463 1033 663 1079 australis,
681 1034 810 1070 Africa
829 1034 1010 1070 borealis.

152 1155 189 1195 5.
224 1153 274 1196 S.
299 1156 527 1196 remota
565 1152 689 1207 (Urv.
717 1152 868 1195 Enum.
906 1166 947 1207 p.
974 1154 1049 1205 66)
1073 1165 1228 1204 annua,
1263 1152 1529 1194 elbo-lanata
1565 1153 1724 1205 saepius
1760 1166 1783 1195 a

93 1212 183 1255 basi
205 1212 470 1254 divaricatim
497 1224 665 1254 ramosa
693 1212 824 1253 ramis
850 1212 1056 1264 elongatis
1079 1212 1242 1264 rigidis,
1266 1212 1376 1253 soliis
1399 1210 1785 1264 oblongo-spalbu-

94 1271 189 1314 latis
216 1275 378 1313 remote
401 1270 688 1321 denticulatis,
716 1271 1032 1313 verticillastris
1054 1270 1314 1312 distantibus
1345 1267 1633 1312 subsexfloris
1661 1270 1782 1323 longe

91 1334 133 1373 et
160 1330 402 1384 interrupte
425 1330 672 1372 racemosis.
706 1330 819 1372 soliis
846 1330 1069 1372 floralibus
1103 1329 1282 1372 deflexis
1312 1329 1450 1371 ovalis
1478 1329 1780 1371 verticillastro

89 1389 345 1443 aequilongis
370 1390 433 1430 vel
460 1388 827 1441 sublongioribus,
851 1390 1007 1442 calycis
1039 1389 1131 1431 basi
1165 1388 1413 1430 albo-lanati
1447 1387 1649 1431 dentibus
1684 1388 1782 1429 sub-

89 1448 331 1502 aequalibus
385 1447 850 1490 ai·istato-1nucronatis
899 1447 1072 1490 deinum
1121 1447 1391 1500 patentibus,
1440 1447 1608 1489 corollae
1656 1446 1783 1488 l’uteae

89 1507 264 1549 demum
304 1508 583 1550 fuscescentis
621 1507 749 1550 limbo
789 1511 962 1549 exserto
993 1511 1054 1558 (ᾖ.
1097 1505 1139 1549 S.
1177 1506 1480 1548 montana‘Fl.
1517 1504 1652 1548 Graec.
1694 1505 1778 1547 tab.

88 1567 167 1608 551
199 1579 282 1609 non
308 1565 353 1608 L.

140 1639 241 1674 Hah.
261 1640 300 1675 in
318 1640 422 1683 agris
443 1638 635 1674 derelictis
654 1639 791 1674 Atticae
813 1641 849 1673 et
867 1637 1011 1673 Eubeae
1027 1638 1192 1683 (Sprunl
1212 1637 1336 1673 Boiss!
1358 1637 1526 1682 Heldrl),
1542 1637 1778 1673 Macedoniae

86 1686 246 1732 (Frivl).
273 1686 392 1722 Ioniae
414 1686 464 1722 acl
484 1686 694 1732 Smyrnam
717 1686 869 1729 (Boissl
898 1685 978 1720 Bal.
996 1684 1112 1729 3062),
1145 1685 1283 1720 insulae
1311 1686 1449 1720 Samos
1473 1685 1619 1730 (Urvi),
1653 1684 1779 1730 Lycias

90 1733 289 1780 (Boni-gl),
307 1734 464 1770 Pisidiae
483 1733 667 1778 (Heldrl).
689 1733 835 1768 Ciliciae
854 1732 1035 1768 littoralis
1052 1732 1190 1777 (Ball),
1209 1732 1374 1768 Galatiae
1393 1736 1429 1768 et
1447 1733 1561 1768 Ponti
1584 1732 1728 1776 (Teliili
1741 1734 1776 1776 l).

133 1800 268 1835 Affinis
287 1799 325 1836 S.
348 1803 547 1835 montanee
565 1810 585 1833 a
605 1801 684 1845 qua
701 1799 831 1834 differt
850 1799 970 1834 ramis
996 1797 1190 1843 elongatis
1217 1799 1473 1834 crassioribus
1499 1798 1628 1834 firmis.
1660 1799 1775 1833 verti-
1814 1829 1817 1831 .

83 1845 267 1882 cillastris
285 1847 456 1888 remotis,
480 1846 709 1881 indumento
729 1846 861 1881 lanato
876 1856 943 1881 nec
958 1845 1087 1891 patule
1106 1846 1252 1881 birsuto
1274 1845 1428 1891 calycis,
1444 1845 1629 1891 calycinls
1649 1845 1773 1881 denti-

85 1890 157 1928 bus
181 1893 374 1940 elongatis
394 1894 540 1930 sensim
559 1893 1003 1940 spinuloso-attenuatis‚
1022 1892 1176 1928 corollae
1194 1892 1316 1929 limbo
1335 1894 1492 1939 majore.

141 1968 185 2021 β.
222 1968 481 2021 Lycaonioa.
520 1991 574 2000 —-
609 1968 759 2011 Flores
795 1968 1094 2018 subminores,
1130 1968 1228 2012 folia
1270 1980 1421 2023 parva,
1463 1965 1768 2010 verticillastra

83 2028 216 2081 magis
242 2028 553 2082 approximate.

130 2100 229 2137 Hab.
248 2101 289 2137 in
308 2101 508 2148 tophaceis
535 2102 655 2137 aridis
677 2100 883 2147 Lycaoniae
914 2101 1014 2137 inter
1032 2101 1235 2147 Beychehr
1265 2105 1302 2137 et
1327 2101 1482 2138 Koniab
1503 2101 1776 2148 (Heldreichl).

142 2218 180 2257 6.
215 2215 268 2259 S.
304 2216 578 2260 Balansae
611 2215 773 2270 (Boiss.
798 2216 950 2270 Diagn.
992 2215 1087 2258 Ser.
1127 2215 1231 2269 1[,4
1262 2229 1301 2270 p.
1341 2217 1416 2270 35)
1447 2229 1591 2260 annua
1627 2217 1774 2270 patule

79 2277 124 2318 et
147 2275 267 2329 longe
287 2275 457 2318 hirsuta
482 2275 692 2318 viscidula
719 2276 876 2329 pallide
901 2276 1047 2317 virens
1081 2288 1102 2316 a
1132 2274 1221 2318 basi
1247 2287 1415 2317 ramosa
1454 2277 1612 2328 pumila
1639 2277 1770 2319 ramis

79 2335 393 2387 crassiusculis,
419 2334 529 2377 foliis
552 2335 1009 2389 oblongo-lanceolatis
1042 2334 1313 2377 subcrenatis
1343 2334 1671 2386 obtusiusculis‚
1697 2334 1772 2377 sso-

82 2394 246 2437 ralibus
270 2394 508 2455 angustatis
539 2394 706 2446 calyces
740 2393 1026 2448 aequantibus,
1064 2394 1380 2452 verticillastris
1411 2393 1633 2436 &lt-floris
1669 2393 1771 2436 sub-

84 2451 344 2496 distantibus
369 2453 435 2495 vel
461 2453 770 2506 approximatis
797 2453 1042 2504 racemosis‚
1076 2452 1234 2506 calycis
1269 2453 1414 2506 patule
1449 2452 1607 2494 hirsuti
1642 2452 1770 2494 limbo

80 2512 302 2555 reticulato
343 2511 656 2562 subbilabiato,
704 2511 907 2554 dentibus
951 2511 1206 2565 aequilongis
1251 2511 1594 2565 ovato-oblongis
1639 2511 1763 2564 longe

77 2570 314 2623 spinulosis
357 2570 452 2613 labii
488 2571 728 2625 superioris
762 2570 899 2612 ternis
933 2569 1063 2613 altius
1098 2571 1306 2619 connatis,
1344 2570 1516 2614 corollae
1555 2570 1662 2612 albae
1699 2571 1771 2613 vel

80 2639 314 2684 purpureae
340 2629 467 2672 limbo
491 2630 634 2684 calyce
660 2629 948 2672 subbreviore
980 2633 1047 2680 Θ.

126 2703 224 2741 Hab.
248 2706 298 2741 ad
323 2705 451 2742 Gulek
478 2705 635 2752 Boghas
661 2705 805 2741 Ciliciae
836 2704 970 2750 (Bali),
1002 2705 1122 2750 Lycia
1149 2706 1186 2740 in
1212 2705 1380 2742 collibus
1405 2703 1550 2741 Elmali
1569 2703 1771 2750 (Bourgl),

76 2749 118 2787 in
136 2753 288 2789 incultis
308 2753 504 2789 Armeniae
524 2763 642 2800 prope
662 2751 999 2788 Gumuschkhane
1019 2753 1215 2798 (Bourgl).

125 2816 276 2863 Calycis
307 2818 432 2854 forma
461 2818 587 2853 affinis
616 2817 654 2854 S.
680 2821 882 2853 montana>
908 2820 943 2852 et
967 2821 1139 2859 remoue,
1166 2816 1234 2853 sed
1261 2816 1375 2862 calyx
1404 2816 1524 2863 duplo
1551 2818 1676 2863 major
1693 2816 1770 2852 fere

77 2865 250 2912 quinque
268 2864 393 2901 lineas
411 2864 564 2911 longus,
586 2864 734 2901 corolla
752 2874 947 2912 purpurea
968 2860 1030 2900 vel
1053 2863 1146 2900 alba
1165 2873 1234 2901 nec
1249 2864 1602 2901 flavo-fuscescens.
