2100 3262
324 210 395 247 ‘770
1075 225 1276 251 LABIATAE.
1762 219 2002 267 Layoehz‘lus
2011 251 2019 258 .

320 294 438 335 tione
476 294 615 335 ovalis
653 294 883 338 sessilibus
919 295 1010 338 basi
1052 299 1245 341 cuneatis
1286 300 1505 352 palmalim
1552 301 1820 354 3-5-partitis
1860 304 2025 348 laciniis

321 353 505 406 oblongo
532 353 770 395 linearibus
809 354 990 409 integris
1034 358 1101 398 vel
1149 358 1298 401 incisis
1345 359 1514 401 obtusis
1555 372 1655 401 raro
1698 364 2024 415 uiueronulatis,

321 412 460 465 spinis
487 413 690 454 tenuibus
713 415 902 456 acerosis
925 415 1068 468 calyce
1093 416 1162 458 vix
1188 416 1479 471 brevioribus,
1513 418 1668 471 calycis
1695 419 1835 472 glabri
1859 421 2022 465 laciniis

317 472 513 523 margine
559 471 1005 516 cibatum-scabridis
1040 475 1509 528 oblongo-linearibus
1553 477 1722 520 obtusis
1755 482 2022 524 mucronatis

318 530 423 571 tubo
447 530 579 583 duplo
610 530 879 583 longioribus
902 540 936 580 5.

365 604 465 639 Hab.
493 604 542 639 ad
570 597 710 640 'Kourd
738 605 869 641 Kabul
897 610 934 642 et
964 607 1062 642 Huft
1086 607 1203 644 Kotul
1232 609 1454 654 Affghaniae
1483 609 1654 656 (Griffl),
1689 611 1729 646 in
1756 613 1947 648 montosis
1974 613 2023 648 ad

315 649 463 686 Kalaiti
485 662 606 698 prope
625 652 826 700 Nichapur
843 664 954 700 prov.
979 655 1208 691 Khorassan
1227 657 1326 702 (Bge
1339 659 1375 701 1).

361 717 633 764 Semipedalis,
667 719 761 754 folia
801 721 950 766 maj0ra
988 720 1181 757 diametro
1216 723 1284 757 vix
1318 722 1541 769 pollicaria,
1572 723 1697 768 spinae
1730 723 1899 768 majores
1933 721 2023 761 9-10

314 763 440 800 lineas
460 766 600 811 longis,
629 766 744 811 calyx
764 766 786 800 9
810 767 936 802 lineas
957 767 1099 814 longus
1130 769 1283 804 laciniis
1311 770 1593 816 sesquilineam
1618 770 1718 805 latis.
1745 770 1869 806 Valde
1894 772 2021 807 affinis

314 810 360 847 L.
379 811 533 859 hispido
564 814 674 859 cujus
702 814 856 849 laciniae
882 814 1068 860 calycinfe
1096 827 1252 862 quoque
1284 817 1438 852 obtusa.»
1468 817 1536 852 sed
1568 817 1800 853 indumento
1833 820 2020 864 pruinoso

314 859 389 895 sub
410 859 514 895 lente
536 864 690 896 tanturn
709 862 915 908 perspicuo
934 865 972 898 et
988 862 1142 898 laciniis
1160 863 1306 910 culycis
1327 865 1435 911 apice
1453 864 1670 910 spinulosis
1685 865 1926 901 distinctum.

375 962 413 1002 5.
448 961 503 1002 L.
528 961 796 1017 insignis
825 961 1058 1017 <Belenger
1081 964 1189 1017 Voy.
1218 964 1381 1019 absque
1413 977 1593 1007 numero
1617 966 1700 1008 sub
1730 965 2019 1021 Yermoloffici)

313 1019 617 1072 fruticulosns,
654 1022 786 1063 ramis
811 1022 967 1064 albidis
1001 1023 1195 1066 tenuiter
1233 1024 1589 1076 pubescentibus,
1625 1025 1739 1067 soliis
1763 1026 1911 1079 parvis
1947 1038 2020 1069 cu-

313 1079 600 1121 neisorniibus
641 1080 801 1122 trifidis
844 1081 1008 1123 laciniis
1049 1083 1259 1125 brevibus
1301 1083 1540 1137 spinulosis
1575 1084 1768 1137 margine
1803 1085 2018 1128 revolutis

310 1138 570 1181 inferiorum
597 1139 791 1182 breviter
825 1141 1041 1190 ⁹2—3-fidis‚
1080 1142 1191 1183 foli1s
1225 1143 1532 1196 superioribus
1568 1143 1816 1185 lanceolatis
1852 1144 2018 1186 triden-

310 1198 411 1240 tatis
438 1199 505 1240 vel
528 1199 722 1251 integris,
751 1199 888 1253 spinis
917 1200 1072 1243 validis
1096 1201 1259 1254 glabris
1285 1202 1395 1244 albis
1422 1202 1521 1244 folia
1547 1203 1877 1255 superantibus,
1904 1204 2019 1257 caly-

310 1256 370 1297 cis
398 1257 479 1300 sub
508 1259 622 1300 lente
650 1259 848 1312 pruinosi
875 1260 1163 1314 campanulati
1194 1261 1376 1303 coriacei
1399 1261 1564 1303 laciniis
1591 1261 2017 1305 lineari-lanceolatis

310 1317 447 1358 acutis
475 1317 714 1371 spinulosis
744 1319 847 1361 tubo
874 1319 1217 1373 subaequilongis
1245 1326 1280 1368 5.
1311 1321 1359 1362 L.
1385 1319 1726 1362 macraeantlms
1752 1321 1796 1362 F.
1823 1324 1865 1364 et
1891 1320 1938 1363 lll.
1973 1322 2018 1364 in

311 1374 531 1418 Sclirenck
555 1377 709 1420 Enum.
736 1390 773 1430 p.
799 1375 872 1420 30.

357 1450 465 1486 Hab.
491 1451 531 1485 in
549 1451 682 1486 Persis
698 1462 818 1498 prope
841 1453 1022 1488 Teheran
1041 1453 1228 1499 (Jenisch‚
1245 1454 1359 1499 Ege),
1376 1463 1499 1500 prope
1519 1453 1701 1489 Asadbar
1726 1453 1850 1500 (Kyl).

357 1514 488 1561 Spinee
513 1516 559 1552 10
577 1515 704 1552 lineas
724 1516 855 1563 longae
876 1517 1033 1562 validae,
1054 1518 1170 1564 calyx
1191 1518 1255 1554 6-7
1273 1518 1400 1554 lineas
1419 1517 1574 1563 longus.

368 1616 405 1657 6.
442 1616 505 1657 L.
544 1616 854 1660 alutaceus
887 1617 1060 1672 (Bunge
1085 1619 1190 1660 Lab.
1227 1619 1351 1661 Pers.
1382 1630 1430 1672 p.
1464 1618 1541 1673 74)
1577 1618 1816 1662 fruticosus
1847 1619 2017 1672 glaber-

307 1673 448 1716 rimus
474 1676 608 1718 ramis
636 1676 846 1729 elongatis
872 1676 1143 1730 simplicibus
1168 1677 1293 1726 albis,
1312 1678 1450 1732 spinis
1476 1677 1647 1729 validis,
1670 1678 1784 1720 foliis
1807 1677 2012 1722 coriaceis

303 1732 588 1778 inferioribus
611 1736 805 1778 cunealis
832 1736 1003 1779 trilobis
1028 1737 1140 1780 lobis
1167 1737 1364 1791 oblongis
1399 1737 1579 1790 integris
1614 1736 1853 1790 spinulosis
1881 1748 2011 1791 snpe-

305 1792 498 1835 rioribus
525 1795 726 1848 ellipticis
755 1796 797 1837 in
824 1795 1042 1850 spinulam
1070 1796 1353 1848 abeuntibus,
1382 1796 1541 1849 calycis
1567 1796 1821 1849 glaberrImi
1848 1796 2014 1839 lac-lniis

306 1852 508 1906 ellipticis
530 1856 797 1897 inucronalis
819 1855 922 1898 tubo
948 1856 1075 1898 tertia
1104 1859 1226 1910 parte
1252 1855 1524 1908 longioribus
1548 1861 1587 1904 ᾗ.

352 1926 453 1962 Hab.
472 1928 512 1962 in
535 1939 643 1975 prov.
664 1929 893 1965 Khorassan
921 1930 1151 1967 occidentali
1168 1931 1219 1967 ad
1237 1931 1383 1967 limites
1409 1930 1552 1966 deserti
1568 1930 1701 1976 magni
1716 1930 1821 1966 inter'
1831 1930 2016 1966 Meiomei

306 1974 342 2009 et
360 1974 608 2011 Miandescht
626 1976 761 2023 (Egel)

351 2040 492 2075 Affinis
526 2040 574 2076 L.
607 2042 761 2089 ins-tyni,
795 2043 934 2078 elatior
963 2042 1211 2090 2-3-pedalis‚
1239 2044 1357 2090 calyx
1389 2043 1652 2089 glaberrimus
1688 2053 1757 2078 nec
1786 2042 2014 2096 pruinosus,

303 2087 464 2173 fggglgzse
486 2089 599 2134 galea
620 2090 865 2136 emarginato
885 2091 1032 2127 biloha.
1054 2091 1181 2137 Calyx
1203 2101 1247 2127 eo
1262 2090 1311 2127 L.
1328 2091 1491 2128 cuneati
1504 2090 1626 2137 duplo
1645 2091 1771 2136 major
1786 2090 1873 2126 9-10
1889 2089 2012 2126 lineas

361 2236 400 2277 7.
435 2235 489 2278 Ι...
525 2240 818 2280 cuneatus
853 2237 968 2292 (Bth.
994 2238 1038 2280 in
1066 2251 1154 2281 nc.
1181 2237 1336 2281 Prodr.
1370 2236 1424 2279 1⁶2
1452 2251 1489 2291 p.
1526 2236 1630 2293 515)
1667 2237 1904 2280 fruticosm
1943 2249 2014 2279 ra-

304 2306 456 2337 mosus
487 2296 570 2338 sub
594 2296 709 2338 lente
738 2297 906 2339 minute
932 2297 1170 2350 velutinus,
1187 2298 1322 2340 ramis
1343 2298 1508 2351 rigidis,
1528 2297 1642 2340 foliis
1666 2296 1855 2338 rniuimis
1877 2296 2013 2339 coria·

303 2353 388 2395 ceis
418 2354 722 2408 subpeliolatis
749 2355 1150 2399 obovato-cuneatis
1186 2357 1365 2411 integris
1392 2357 1459 2398 vel
1487 2356 1608 2409 apice
1636 2355 1791 2398 obtuse
1817 2357 1860 2397 et
1886 2356 2012 2398 obso-

300 2413 386 2454 lete
405 2413 743 2457 tridentotis1-3
762 2415 1016 2468 spinulosis,
1032 2415 1171 2469 spinis
1188 2416 1344 2458 validis
1360 2415 1549 2458 acerosis
1570 2415 1665 2458 folia
1683 2414 2010 2467 superantibus,

302 2472 461 2525 calycis
502 2474 625 2528 parvi
667 2475 749 2517 sub
788 2474 902 2517 lente
936 2474 1139 2528 puberuli
1180 2475 1346 2518 laciniis
1385 2473 1835 2529 elliptico-linearibus
1873 2473 2010 2516 acutis

301 2533 616 2575 murrormlatis
638 2534 742 2576 tubo
766 2534 839 2576 vix
864 2533 1135 2586 longioribus
1155 2543 1189 2582 5.

348 2607 450 2642 Halo.
474 2607 524 2643 ad
543 2607 689 2644 collum
709 2608 873 2655 Khyber
891 2609 1003 2655 regni
1022 2609 1202 2645 Cahulici
1223 2609 1389 2656 (Griffl).

348 2671 577 2707 Fruticosus
595 2673 753 2708 videtur
771 2683 841 2708 nec
861 2674 901 2708 ut
920 2673 961 2709 in
986 2681 1274 2719 congenermus
1293 2675 1380 2710 basi
1409 2676 1562 2710 tantum
1592 2672 1858 2714 frutimlosus,
1885 2672 2009 2718 spinae

298 2719 469 2801 lmajores
489 2719 532 2756 10
553 2720 678 2756 lineas
697 2720 838 2766 longae,
862 2720 956 2756 folia
976 2721 1181 2757 4-5·lineas
1201 2723 1333 2769 longa,
1351 2721 1467 2768 calyx
1488 2731 1635 2768 parvus
1655 2720 1828 2756 fructifer
1844 2719 1868 2755 5
1885 2719 2009 2754 lineas

316 2777 453 2812 ongus.

369 2871 390 2926 ἓ
425 2874 448 2914 ⁶2
498 2872 780 2917 Inermes.
811 2898 865 2904 ——
895 2874 1088 2917 Bracteae
1114 2887 1226 2917 anno
1253 2875 1503 2929 insequenti
1529 2887 1611 2917 non
1643 2874 1945 2929 persistentes.

359 2985 396 3024 8.
432 2984 486 3026 L.
512 2984 822 3029 inebrians
852 2985 973 3042 (Ege.
993 2984 1053 3039 pl.
1081 2985 1227 3028 Lelnn.
1258 3000 1296 3040 p.
1320 2984 1424 3042 438>
1447 2985 1699 3036 herbaceus,
1717 2985 1837 3028 caule
1863 2983 2008 3038 patule
