2100 3262
305 248 377 286 950
1019 253 1289 280 SALSOLACEAE.
1751 241 1996 291 Halooeylon-

306 329 358 373 H.
387 339 619 372 recurvum
645 326 732 379 Bge
754 327 798 368 in
823 326 902 368 litt.
933 348 986 354 —
1014 323 1180 367 Salsola
1202 323 1387 367 Stocltsii
1412 323 1546 366 Boiss.
1572 323 1722 378 Diagn.
1746 324 1836 367 Ser.
1868 324 1921 376 ΙΙ,
1949 326 1991 378 4,

306 400 346 443 p.
374 390 443 430 75.
467 412 523 418 —
552 385 719 429 Salsola
747 384 869 427 Lana
897 384 1046 427 Stocks
1070 395 1160 426 exs.
1184 395 1269 426 non
1292 382 1461 436 Edgew.
1489 381 1602 437 (quae
1627 395 1678 426 ex
1706 395 1786 425 am.
1812 383 1899 437 Bge
1921 387 1988 427 est

309 445 541 490 Schobem‘a
563 444 729 487 Indica.

355 520 454 556 Hah.
485 520 524 554 in
543 517 770 554 Belutschia
788 516 990 561 (Stocksl).

352 582 551 619 Paniculae
569 579 825 627 semipedales
840 580 958 625 spicis
972 578 1181 613 fructiferis
1195 576 1593 624 1-1¹s'2-pollicaribuS‚
1607 576 1677 612 alae
1692 577 1838 612 lineam
1851 576 1993 623 longae.

354 648 415 683 Ar.
435 648 565 692 Geoqr.
594 645 701 681 Ditio
720 644 872 688 Scinde,
888 643 976 679 Indi
998 644 1182 689 atro'pica.

367 745 407 785 6.
445 743 509 787 Η.
537 742 822 787 Griffithii
847 741 975 794 (Moq.
1000 741 1041 782 in
1065 753 1144 791 nc.
1171 739 1326 782 Prodr.
1361 740 1384 780 l.
1404 751 1436 781 c.
1466 752 1505 793 p.
1539 739 1619 782 175
1649 739 1730 782 sub
1755 739 1993 796 Carooeylo)

308 803 747 854 albicio-glaucescens
778 800 1028 842 fruticosum
1061 799 1403 841 ramosissimum
1436 799 1566 840 ramis
1599 799 1755 841 erectis
1786 800 1993 842 tenuibus

310 862 458 914 rigidis
482 861 633 902 albidis
656 858 944 903 strictiuscule
971 858 1211 906 ramulosis‚
1244 857 1353 899 soliis
1381 857 1573 899 breviter
1605 857 1841 901 linearibus
1868 858 1992 900 obtu-

309 920 514 962 siusculis
553 919 707 962 erectis
738 918 804 960 vel
835 917 1111 958 subincurvis
1147 916 1448 970 superioribus
1482 916 1534 958 ad
1563 928 1766 970 squamas
1800 916 1992 959 reductis

308 979 510 1021 omnibus
546 977 771 1032 oppositi&
811 975 991 1018 floribus
1028 975 1345 1017 remotiusculis
1381 975 1475 1016 laxe
1502 978 1544 1016 et
1579 974 1766 1017 tenuiter
1801 975 1990 1028 spicatis,

308 1037 576 1080 staminodiis
600 1036 744 1078 ovario
770 1035 1056 1084 brevioribus,
1081 1034 1192 1087 stylo
1215 1033 1354 1084 brevi,
1380 1034 1575 1086 stigmate
1601 1033 1806 1084 ”Z-Ir-lobm
1823 1034 1995 1076 fructus

308 1097 387 1138 alis
424 1093 840 1149 purpurascentibus
872 1091 1382 1135 obovato-reuiformibus
1409 1092 1596 1134 erosulis
1619 1098 1656 1140 5.
1696 1091 1749 1133 H.
1781 1090 1993 1146 Griffitliz'o'

309 1154 409 1197 Mss.

309 1228 456 1323 11aab.
479 1230 516 1263 in
539 1229 649 1273 regni
672 1226 848 1262 Cabulici
866 1226 961 1272 jugo
981 1224 1130 1261 Kullou
1149 1225 1276 1270 (Griff.
1294 1224 1502 1270 1792-93i),
1526 1225 1566 1260 in
1586 1224 1815 1261 Belutschia
1834 1224 1990 1270 (Stocks

357 1299 362 1308 .
415 1278 452 1319 l).

355 1340 499 1375 Frutex
515 1341 557 1373 ut
576 1339 731 1374 videtur
749 1337 911 1384 pedalis,
930 1337 1024 1372 folia
1044 1337 1066 1372 2
1082 1337 1205 1372 lineas
1224 1336 1339 1382 longa
1355 1347 1521 1383 superne
1540 1336 1838 1372 concaviuscula
1852 1336 1992 1372 subtus

306 1396 492 1422 convexa.
519 1387 674 1432 Species
699 1386 826 1420 affinis
849 1385 924 1419 sub
946 1384 1103 1419 nomine
1126 1383 1172 1419 H.
1196 1383 1380 1429 Griffltlzz'z'
1404 1395 1452 1419 ex
1479 1384 1583 1419 herb.
1611 1383 1693 1419 Ind.
1723 1383 1859 1430 Comp.
1885 1394 1989 1419 coni-

306 1435 504 1469 municata
527 1447 545 1467 e
571 1433 725 1468 Tibetizi
747 1435 803 1467 est
823 1431 870 1467 H.
899 1430 1198 1476 leomsom'ssge
1220 1431 1257 1466 in
1279 1431 1363 1474 litt..
1386 1431 1489 1466 feliis
1506 1430 1755 1465 filiforinibus
1773 1430 1836 1465 5-7
1862 1430 1989 1465 lineas

306 1479 448 1527 longis,
467 1481 632 1515 summis
651 1481 807 1526 sparsis7
828 1478 1081 1524 stigmatibus
1106 1478 1213 1513 binis
1240 1478 1432 1524 elongatis
1459 1478 1508 1513 ab
1527 1476 1575 1513 H.
1598 1476 1782 1523 Griffitlzz'z‘
1798 1477 1992 1513 distincta.

454 1631 737 1679 SElDLlTZlA
767 1631 919 1692 (Bunqc
952 1630 991 1676 iu
1021 1629 1100 1677 litt.
1135 1656 1189 1662 —
1232 1628 1520 1689 Halooeylon
1541 1629 1626 1690 Sp.
1658 1627 1836 1689 Fenzl).

370 1766 514 1807 Flores
562 1762 899 1818 llerinapliroditi
938 1762 1188 1804 bibracteati
1233 1762 1434 1804 axillares
1472 1761 1657 1815 oppositi
1699 1761 1878 1804 solitarii
1923 1764 1989 1806 vel

309 1825 465 1873 2-:3-iii,
495 1824 694 1867 laterales
721 1834 835 1876 saepe
867 1821 1148 1864 tabescentes.
1186 1820 1444 1863 Staminodia
1481 1820 1612 1874 quina
1643 1820 1987 1864 semiorbiculatu

306 1883 720 1937 glandulcsu-ciliata
746 1882 786 1922 in
812 1882 975 1923 discum
1001 1879 1316 1921 staminiferum
1341 1880 1507 1930 coalita,
1526 1878 1740 1921 filamenla
1758 1880 1782 1921 5
1802 1884 1991 1932 exserui,

308 1943 499 1984 antliei‘ae
527 1942 703 1983 mulleae.
738 1941 764 1981 Ι·
785 1940 951 1993 *rigonii
979 1939 1121 1993 pliylla
1143 1938 1272 1992 quina
1298 1937 1387 1980 basi
1416 1948 1604 1980 connexa
1629 1937 1813 1992 elliptica
1836 1939 1988 1982 obtusa

308 2001 375 2042 vel
401 2001 552 2050 bucha,
571 2000 786 2042 fructifera
816 1998 903 2040 basi
931 1997 1149 2040 chartacea
1177 2009 1331 2040 versus
1357 1997 1544 2040 medium
1572 1996 1650 2039 alis
1675 1997 1828 2049 amplis
1856 2010 1987 2039 mem-

309 2057 528 2102 branaceis
552 2060 811 2102 transversis
830 2057 982 2105 -1bsita,
1003 2058 1068 2099 ala
1095 2056 1257 2111 postica
1280 2054 1643 2099 ccclilearifcrmis
1662 2055 1799 2098 antice
1825 2057 1986 2099 reflexa

307 2118 495 2161 fructum
522 2122 682 2170 tegens,
700 2120 865 2160 caeterze
886 2119 1094 2169 patentes.
1118 2115 1264 2168 Stylus
1290 2115 1482 2158 minutus
1505 2113 1623 2167 apice
1652 2114 1985 2166 bistigmatosus.

306 2172 530 2220 Utriculus
563 2178 812 2230 depressus.
846 2175 998 2217 Semen
1026 2173 1299 2217 horizontale.
1324 2198 1380 2202 ——
1402 2173 1544 2216 Herba
1570 2185 1711 2215 annua
1737 2174 1801 2215 vel
1828 2174 1990 2217 suffru-

306 2236 410 2277 tices
436 2236 555 2278 caule
579 2236 798 2289 ramisque
822 2234 1076 2283 articulatis,
1111 2233 1220 2275 foliis
1249 2232 1473 2287 oppositis.
1505 2256 1562 2261 ——
1591 2231 1738 2274 Genus
1770 2230 1992 2286 Haloaeylo

306 2294 431 2337 affine
450 2296 501 2336 ab
526 2308 574 2337 to
599 2295 739 2348 polius
762 2293 906 2336 habitu
933 2305 1062 2346 quam
1084 2292 1405 2335 characteribus
1424 2290 1696 2344 gravioribus
1723 2291 1985 2334 distinctum.

373 2404 404 2444 l.
437 2402 486 2445 S.
523 2401 736 2446 ilorida
771 2401 895 2456 (MR.
920 2401 1048 2444 Taur.
1083 2399 1205 2443 Cauc.
1240 2399 1269 2453 I,
1306 2414 1342 2454 ρ.
1372 2400 1453 2442 190
1485 2400 1566 2442 sub
1600 2399 1814 2455 Aizahasz')
1844 2411 1984 2444 annua

306 2461 554 2504 succulenta
587 2462 841 2514 glaberrima
871 2462 1033 2513 glauca,
1058 2460 1177 2502 caule
1205 2462 1346 2501 erecto
1372 2472 1393 2500 a
1418 2459 1509 2501 basi
1542 2459 1790 2501 brachiatim
1814 2472 1986 2503 ramoso

304 2521 437 2562 ramis
460 2521 726 2574 simplicibus
749 2521 815 2562 vel
843 2532 966 2573 parce
992 2519 1221 2561 ramulosis
1248 2517 1492 2572 patentibus
1518 2518 1584 2560 vel
1611 2518 1981 2570 decumbentibus,

308 2579 499 2621 articulis
531 2579 808 2621 inferioribus
845 2577 1066 2632 elongatis,
1101 2578 1212 2620 foliis
1247 2576 1457 2631 oppositis
1499 2577 1792 2620 teretiuscnlis
1828 2577 1984 2619 crassis

309 2637 514 2680 brevibus
539 2638 705 2679 obtusis
726 2637 1033 2692 patentissimis
1054 2638 1223 2678 demum
1250 2635 1438 2686 reflexis,
1457 2636 1684 2678 bracteolis
1702 2636 1839 2679 ovatis
1866 2636 1988 2679 oblu-

306 2698 365 2740 sis
398 2696 494 2738 folio
525 2697 660 2738 ssurali
691 2696 907 2750 superatis
940 2695 1394 2737 naviculam-concavis
1430 2695 1597 2737 obtusis
1631 2695 1822 2748 margine
1853 2707 1986 2738 mein-

305 2756 543 2801 branaceis,
568 2754 748 2797 floribus
777 2754 920 2808 parvis
946 2754 1033 2796 basi
1068 2754 1152 2795 tolii
1185 2753 1347 2796 floralis
1375 2753 1605 2794 immersis.
1631 2753 1838 2807 pei-igonii
1870 2754 1985 2796 fruc-

307 2815 417 2860 tiferi
455 2815 534 2856 alis
572 2815 708 2857 roseis
739 2812 1186 2856 elimato-orbiculatis
1222 2813 1375 2866 amplis
1412 2811 1502 2854 basi
1539 2813 1794 2865 angustatis,
1831 2812 1985 2855 florum

306 2874 549 2917 lateralium
590 2873 704 2928 <cum
744 2872 919 2926 adsunt)
946 2872 1252 2914 tabescentium
1289 2872 1366 2913 alis
1402 2871 1580 2913 minutis
1608 2871 1985 2926 squamiformibns

308 2936 368 2982 (D.
398 2932 450 2973 Ic.
477 2932 582 2973 MR.
614 2931 732 2973 Ceut.
770 2931 892 2973 Rcss.
927 2931 1010 2973 tab.
1047 2931 1113 2973 17.
1140 2954 1194 2961 —
1222 2928 1449 2973 Seiclle'tzia
1474 2928 1642 2982 florida
1673 2930 1816 2984 Bunge
1840 2930 1883 2972 in
1907 2930 1982 2972 litt.

305 3011 361 3020 —
384 2990 551 3033 Salsola
571 2990 740 3044 flore'cla
767 2990 912 3033 Poiret
938 2989 1088 3043 Encyc.
1113 2989 1258 3044 Suppl.
1279 2989 1330 3040 V,
1360 3002 1399 3043 p.
1432 2990 1525 3031 191.
1553 3012 1612 3019 —
1636 2988 1852 3032 Atrabasis
1875 2987 1985 3030 cine-
