2065 3271
93 211 458 257 Echinospermum.
803 218 1087 244 BORRAGINEAE.
1727 206 1799 243 249

643 358 762 401 SECT.
798 358 848 400 11.
885 358 1237 401 Socenocifflwm.

155 506 193 546 4.
226 502 282 546 Ε.
313 501 709 557 spinocarpos
733 501 904 556 (Forsk.
924 501 1076 544 Descr.
1100 502 1148 542 41
1179 502 1261 543 sub
1281 500 1508 555 „inclutis-ci)
1533 504 1668 544 totum
1690 503 1795 546 setis

95 563 186 607 basi
203 560 487 605 tuberculatis
501 560 724 614 adpressis
739 561 883 602 rarius
901 560 1146 614 subpatulis
1162 572 1394 603 canescens
1413 561 1554 602 rarius
1572 562 1793 604 virescens

94 622 306 679 pumilum
332 620 385 662 ad
409 620 480 661 vel
510 620 638 674 paulo
664 632 796 674 supra
825 619 980 662 collum
1013 619 1282 662 divaricatim
1314 624 1354 661 et
1382 620 1623 662 dicliotome
1653 632 1794 662 ramo-

96 681 314 726 sissimum
357 677 527 722 tandem
556 678 783 728 diffusum,
814 679 997 721 racemis
1034 679 1340 721 crassiusculis
1368 679 1541 720 demum
1579 678 1794 722 induratis

96 739 203 784 laxis
218 737 1031 793 flexuosis‚foliislineari-spathulatis‚
1049 737 1272 791 pedicellis
1291 738 1523 780 fructiferis
1543 738 1796 780 incrassatis

94 797 366 842 brevissimis
409 797 580 846 erectis,
617 798 806 841 bracteis
840 796 1080 839 linearibus
1120 797 1259 839 fructu
1303 797 1584 850 longioribus,
1623 798 1794 840 corollze

94 858 270 902 minutae
292 856 447 899 albidae
473 857 536 898 vel
564 857 886 900 caerulescentis
914 856 1044 899 limbo
1070 857 1257 909 calycem
1289 857 1359 898 vix
1385 856 1625 908 excedenti,
1650 856 1794 909 calyce

94 917 313 960 fructifero
342 915 467 959 valde
490 920 658 960 accreto
686 916 852 959 laciniis
880 915 1119 958 linearibus
1147 915 1307 958 crassis
1332 916 1520 958 fructum
1545 915 1793 969 pyramida-

96 982 184 1019 tum
203 976 329 1030 longe
354 976 566 1030 stylosum
587 974 899 1030 superantibus
926 975 1269 1028 erecto-patulis.
1287 975 1461 1017 nuculis
1485 974 1640 1016 erectis
1659 974 1794 1016 trian-

94 1035 318 1089 gularibus
346 1035 550 1078 carinatis
579 1035 740 1078 aculeis
767 1034 926 1077 conicis
954 1034 1115 1077 crassis
1144 1045 1299 1077 versus
1332 1034 1453 1076 basin
1480 1034 1648 1075 nucula*
1677 1033 1796 1075 elou-

94 1093 202 1149 gatis
227 1093 450 1137 muricatis
475 1098 517 1136 et
539 1093 843 1137 scrobiculatis
873 1097 935 1144 O.
967 1092 1178 1147 Myosotis
1203 1093 1492 1146 spinocarpos
1518 1092 1620 1134 Vahl
1647 1090 1792 1146 Symb.

95 1153 147 1204 ll,
173 1167 213 1209 p.
243 1154 311 1196 32.
341 1177 387 1183 -—
419 1152 815 1206 Eclzz’nospermum
851 1151 1107 1195 Vahlz'anum
1133 1152 1280 1195 Lehm.
1306 1152 1412 1206 Asp.
1438 1152 1492 1194 N⁰
1523 1152 1615 1193 103.

143 1228 242 1264 Hab.
262 1229 302 1264 in
321 1227 485 1264 desertis
503 1230 541 1264 et
554 1227 724 1272 incultis,
738 1227 987 1274 Cappadocia
1003 1227 1044 1263 in
1063 1226 1225 1274 planitie
1241 1226 1478 1262 Karahissar
1496 1225 1583 1270 (Bal
1596 1226 1631 1267 n,
1651 1224 1795 1270 AEgyp-

99 1280 157 1312 tus
176 1276 276 1312 inter
294 1275 483 1312 Kahiram
502 1278 539 1311 et
557 1274 655 1311 Suez
672 1275 803 1320 (Boiss
816 1276 855 1320 !)‚
874 1274 925 1310 ad
944 1274 1227 1310 Alexandriam
1257 1274 1423 1318 (Forsk‚.,
1442 1273 1623 1316 Samari),
1643 1272 1796 1307 deserta

94 1323 245 1359 Sinaica
274 1322 753 1370 (Schimp.1781B0issl),
784 1321 910 1358 Gebel
929 1321 1061 1358 Abiad
1090 1323 1130 1358 in
1165 1322 1316 1357 deserto
1348 1322 1396 1357 ad
1424 1321 1651 1366 Palmyram
1681 1318 1793 1363 (BH),

93 1370 217 1406 Iberia
236 1370 450 1406 Caucasica
469 1371 506 1406 et
525 1370 621 1406 ditio
639 1369 813 1416 Talysch
833 1369 973 1413 (Hohl.
991 1369 1082 1405 CA.
1102 1369 1238 1415 Meyl),
1258 1369 1524 1405 Turcomania
1543 1368 1591 1403 ad
1609 1367 1796 1413 Caspium

93 1418 298 1462 (C.A.Ml),
334 1417 469 1454 Persia
502 1418 631 1454 media
665 1416 878 1454 Orientalis
921 1417 1079 1463 (Egel),
1112 1417 1327 1463 'Ass'ghania
1364 1415 1514 1461 (Griffl)
1529 1444 1537 1459 ,
1570 1413 1796 1450 Belutscliia

92 1464 245 1508 <Stocks
257 1466 294 1511 l),
311 1466 477 1501 Arabice
494 1464 701 1502 Klec'teraz'.

703 1614 822 1658 SECT.
858 1614 931 1658 ΙΙΙ.
969 1614 1182 1658 LAPPULA.

547 1755 565 1773 *
593 1756 758 1793 Nuculae
778 1755 1053 1793 2-3-serialiter
1071 1755 1330 1802 glocbidiatae.

149 1854 188 1895 5.
223 1852 279 1896 E.
308 1853 578 1909 Lappula
601 1853 669 1910 (L.
690 1854 763 1909 Sp.
790 1855 868 1897 189
888 1854 970 1898 sub
990 1853 1253 1910 Myosote‘de)
1274 1854 1372 1908 pilis
1392 1854 1484 1896 basi
1505 1853 1791 1896 tuberculatis

91 1911 310 1967 adpressis
344 1913 580 1967 hirsutum,
620 1915 742 1957 caule
771 1914 1112 1968 virgam-rigido
1149 1913 1260 1956 elato
1298 1913 1551 1967 paniculato,
1578 1913 1710 1954 ramis
1746 1913 1791 1955 iu

91 1982 282 2015 racemos
309 1972 485 2036 demum
512 1973 733 2027 elongatos
770 1974 1054 2029 unilaterales
1092 1973 1369 2016 abeuntibus.
1401 1972 1514 2014 foliis
1542 1971 1790 2014 lanceolatis

92 2030 270 2074 caulinis
308 2031 485 2080 strict1s,
522 2033 709 2077 bracteis
747 2033 1029 2076 inferioribus
1067 2033 1212 2085 calyce
1248 2031 1528 2085 longioribus,
1570 2029 1792 2084 pedicellis

91 2088 321 2134 fructiferis
347 2091 504 2134 erectis
527 2092 671 2146 calyce
696 2092 991 2141 brevioribus,
1014 2092 1174 2146 calycis
1200 2091 1412 2134 fructiferi
1439 2091 1603 2134 laciniis
1632 2089 1791 2143 patulis

90 2147 475 2204 lineari-oblongis,
497 2152 671 2194 corollae
695 2152 891 2195 caeruleae
917 2152 1019 2196 tubo
1043 2152 1185 2205 calyce
1210 2150 1510 2197 subbreviore,
1538 2149 1666 2191 limbo
1685 2148 1789 2190 tubo

93 2206 305 2261 breviore,
334 2209 505 2253 nuculis
543 2210 650 2254 facie
683 2211 969 2254 tuberculatis
996 2211 1191 2264 margine
1226 2209 1520 2252 2-3-seriatim
1548 2207 1790 2261 glor-ludia-

90 2265 146 2308 tis
170 2270 216 2317 Ε)
248 2268 316 2311 vel
344 2268 412 2324 Q).
439 2267 546 2311 Eeb..
568 2269 769 2323 Lappula
794 2269 944 2312 Leltm.
965 2272 1069 2325 Asp.
1095 2269 1152 2312 N⁰
1172 2270 1241 2312 94.
1264 2292 1319 2300 —-
1345 2269 1396 2311 Ic.
1420 2268 1555 2310 Rchb.
1584 2267 1664 2308 tab.
1699 2267 1790 2308 125.

91 2348 144 2355 -
162 2326 478 2380 cuneglassum
493 2328 693 2381 Lappnla
710 2328 833 2384 Scop.
849 2352 907 2361 —
927 2328 1136 2384 Myosotis
1153 2339 1401 2382 squar-rosa
1423 2327 1539 2370 Retz.
1553 2351 1607 2358 —
1631 2324 1788 2367 Echio.

90 2395 383 2487 ffinarrpggm
414 2386 547 2430 Rchb.
570 2388 631 2431 Fi.
664 2401 753 2433 exc.
779 2413 836 2421 —
860 2387 909 2431 E.
938 2387 1253 2442 Ispahanicnm
1280 2388 1419 2430 Boiss.
1455 2386 1600 2439 magn.
1628 2385 1720 2427 Ser.
1754 2385 1787 2435 I,

149 2477 158 2496 ‚
185 2457 227 2497 l)-
344 2479 353 2487 ·

137 2515 234 2552 Hah.
254 2517 294 2553 in
313 2518 437 2564 siccis,
462 2520 510 2555 ad
528 2521 627 2564 vias,
646 2521 942 2569 Peloponnesus
973 2521 1144 2567 (Boryll.
1165 2520 1352 2566 Bithynia
1382 2518 1571 2563 (postam.
1603 2517 1790 2554 Anatolio.

91 2561 169 2598 b01'·
190 2563 317 2608 (Wied
329 2568 366 2611 1).
385 2568 570 2603 Armenia
588 2568 754 2605 Turcica
772 2569 941 2614 (HuetQ
958 2569 1107 2606 Pontus
1128 2568 1289 2604 Lazicus
1308 2567 1443 2611 (Ball),
1461 2567 1609 2601 Tauria
1648 2565 1787 2608 Stevn,

90 2609 285 2663 Caucasus
306 2615 344 2648 et
360 2613 669 2652 Transcaucasia
686 2616 860 2661 (Ledeb.,
875 2617 1063 2661 Hoheu.),
1081 2616 1216 2652 Persia
1235 2615 1405 2651 borealis
1426 2613 1620 2658 (Buhseiji.
1639 2616 1789 2647 austra·

87 2655 136 2692 lis
155 2658 203 2694 ad
222 2657 394 2705 Ispahan
413 2662 553 2706 (Auch.
571 2663 712 2709 50181).

134 2722 195 2758 Ar.
219 2723 349 2770 Geoqr.
372 2724 530 2774 Europa
544 2729 677 2763 omnis
698 2739 720 2764 a
734 2728 998 2764 Scandinavia
1017 2728 1067 2764 ad
1083 2728 1262 2764 Rossiam
1284 2727 1451 2763 mediam
1471 2731 1508 2762 et
1526 2726 1577 2761 ab
1598 2725 1790 2770 Hispania

88 2768 253 2852 {toltallia
271 2772 411 2808 mediis
430 2773 480 2809 ad
500 2774 742 2812 Dalmatiam
763 2780 798 2812 et
820 2777 1018 2823 regionem
1040 2775 1316 2813 Danubialem,
1336 2775 1476 2809 Sibiria
1500 2773 1640 2811 omnis,
1660 2772 1790 2807 Africa

141 2826 205 2852 rea
224 2827 267 2853 is.

146 2931 170 2971 6
217 2931 275 2974 Ε.
303 2931 801 2981 heteracanthum
830 2937 1008 2982 (Ledeh.
1031 2937 1183 2992 Suppl.
1208 2937 1320 2980 Sem.
1347 2926 1508 2990 uos-pat
1529 2933 1662 2979 1823]
1690 2934 1788 2987 pilis

88 2988 179 3033 basi
205 2991 490 3037 tuberculatis
528 2997 690 3050 patulis
728 3001 772 3039 et
806 2997 1030 3052 adpressis
1068 2997 1274 3049 obsitum,
1309 2997 1431 3039 caule
1471 2995 1582 3037 elato
1625 2994 1788 3046 virgato
