<?xml version="1.0" encoding="UTF-8"?>
<!DOCTYPE html PUBLIC "-//W3C//DTD XHTML 1.0 Transitional//EN"
    "http://www.w3.org/TR/xhtml1/DTD/xhtml1-transitional.dtd">
<html xmlns="http://www.w3.org/1999/xhtml" xml:lang="en" lang="en">
 <head>
  <title>
</title>
<meta http-equiv="Content-Type" content="text/html;charset=utf-8" />
  <meta name='ocr-system' content='tesseract 3.04.00' />
  <meta name='ocr-capabilities' content='ocr_page ocr_carea ocr_par ocr_line ocrx_word'/>
</head>
<body>
  <div class='ocr_page' id='page_1' title='image "./floraorientaliss04bois/floraorientaliss04bois_0327.png"; bbox 0 0 2065 3271; ppageno 0'>
   <div class='ocr_carea' id='block_1_1' title="bbox 153 230 1859 272">
    <p class='ocr_par' dir='ltr' id='par_1_1' title="bbox 153 230 1859 272">
     <span class='ocr_line' id='line_1_1' title="bbox 153 230 1859 272; baseline -0.007 0"><span class='ocrx_word' id='word_1_1' title='bbox 153 233 400 272; x_wconf 77' lang='lat' dir='ltr'>Verbaseum.</span> <span class='ocrx_word' id='word_1_2' title='bbox 809 238 1225 268; x_wconf 72' lang='lat' dir='ltr'>SCROPHULARIACEAE.</span> <span class='ocrx_word' id='word_1_3' title='bbox 1786 230 1859 269; x_wconf 88' lang='lat'>319</span> 
     </span>
    </p>
   </div>
   <div class='ocr_carea' id='block_1_2' title="bbox 136 310 1858 839">
    <p class='ocr_par' dir='ltr' id='par_1_2' title="bbox 136 310 1858 721">
     <span class='ocr_line' id='line_1_2' title="bbox 199 310 1855 366; baseline -0.002 -7"><span class='ocrx_word' id='word_1_4' title='bbox 199 318 268 359; x_wconf 76' lang='lat'>47.</span> <span class='ocrx_word' id='word_1_5' title='bbox 303 315 364 359; x_wconf 88' lang='lat' dir='ltr'>V.</span> <span class='ocrx_word' id='word_1_6' title='bbox 398 314 934 366; x_wconf 82' lang='lat' dir='ltr'>Khorassanicum,</span> <span class='ocrx_word' id='word_1_7' title='bbox 959 313 1122 356; x_wconf 76' lang='lat' dir='ltr'>elatum</span> <span class='ocrx_word' id='word_1_8' title='bbox 1141 310 1334 353; x_wconf 82' lang='lat' dir='ltr'>tenuiter</span> <span class='ocrx_word' id='word_1_9' title='bbox 1361 310 1855 356; x_wconf 79' lang='lat' dir='ltr'>stellato-tomentellum</span> 
     </span>
     <span class='ocr_line' id='line_1_3' title="bbox 141 370 1858 431; baseline -0.002 -13"><span class='ocrx_word' id='word_1_10' title='bbox 141 376 299 431; x_wconf 84' lang='lat' dir='ltr'>pallide</span> <span class='ocrx_word' id='word_1_11' title='bbox 325 375 491 427; x_wconf 87' lang='lat' dir='ltr'>virens,</span> <span class='ocrx_word' id='word_1_12' title='bbox 525 375 648 417; x_wconf 89' lang='lat' dir='ltr'>caule</span> <span class='ocrx_word' id='word_1_13' title='bbox 679 373 924 428; x_wconf 86' lang='lat' dir='ltr'>paniculato</span> <span class='ocrx_word' id='word_1_14' title='bbox 954 373 1088 415; x_wconf 88' lang='lat' dir='ltr'>ramis</span> <span class='ocrx_word' id='word_1_15' title='bbox 1125 370 1264 422; x_wconf 83' lang='lat' dir='ltr'>longis</span> <span class='ocrx_word' id='word_1_16' title='bbox 1298 370 1493 423; x_wconf 85' lang='lat' dir='ltr'>virgatis,</span> <span class='ocrx_word' id='word_1_17' title='bbox 1522 370 1635 413; x_wconf 85' lang='lat' dir='ltr'>foliis</span> <span class='ocrx_word' id='word_1_18' title='bbox 1660 372 1858 427; x_wconf 81' lang='lat' dir='ltr'>oblongis</span> 
     </span>
     <span class='ocr_line' id='line_1_4' title="bbox 137 429 1853 486; baseline -0.002 -7"><span class='ocrx_word' id='word_1_19' title='bbox 137 435 330 479; x_wconf 86' lang='lat' dir='ltr'>obsolete</span> <span class='ocrx_word' id='word_1_20' title='bbox 356 433 832 477; x_wconf 68' lang='lat' dir='ltr'>undulato-snlilohatis</span> <span class='ocrx_word' id='word_1_21' title='bbox 865 432 1071 486; x_wconf 79' lang='lat' dir='ltr'>repandis</span> <span class='ocrx_word' id='word_1_22' title='bbox 1093 430 1285 473; x_wconf 84' lang='lat' dir='ltr'>breviter</span> <span class='ocrx_word' id='word_1_23' title='bbox 1308 429 1351 471; x_wconf 88' lang='lat' dir='ltr'>in</span> <span class='ocrx_word' id='word_1_24' title='bbox 1377 430 1586 483; x_wconf 89' lang='lat' dir='ltr'>petiolum</span> <span class='ocrx_word' id='word_1_25' title='bbox 1611 433 1853 475; x_wconf 84' lang='lat' dir='ltr'>attenuatis</span> 
     </span>
     <span class='ocr_line' id='line_1_5' title="bbox 139 488 1858 548; baseline 0 -11"><span class='ocrx_word' id='word_1_26' title='bbox 139 495 298 537; x_wconf 89' lang='lat' dir='ltr'>rameis</span> <span class='ocrx_word' id='word_1_27' title='bbox 337 493 484 548; x_wconf 90' lang='lat' dir='ltr'>parvis</span> <span class='ocrx_word' id='word_1_28' title='bbox 511 493 742 536; x_wconf 71' lang='lat' dir='ltr'>sessililius</span> <span class='ocrx_word' id='word_1_29' title='bbox 774 493 864 534; x_wconf 84' lang='lat' dir='ltr'>basi</span> <span class='ocrx_word' id='word_1_30' title='bbox 892 488 1413 540; x_wconf 73' lang='lat' dir='ltr'>triincato-siibeordatiS‚</span> <span class='ocrx_word' id='word_1_31' title='bbox 1446 489 1606 531; x_wconf 86' lang='lat' dir='ltr'>florum</span> <span class='ocrx_word' id='word_1_32' title='bbox 1642 490 1858 537; x_wconf 79' lang='lat' dir='ltr'>fasciculis</span> 
     </span>
     <span class='ocr_line' id='line_1_6' title="bbox 138 548 1852 605; baseline -0.001 -9"><span class='ocrx_word' id='word_1_33' title='bbox 138 554 392 596; x_wconf 82' lang='lat' dir='ltr'>subslissitis</span> <span class='ocrx_word' id='word_1_34' title='bbox 430 553 524 595; x_wconf 85' lang='lat' dir='ltr'>laxe</span> <span class='ocrx_word' id='word_1_35' title='bbox 556 552 808 602; x_wconf 83' lang='lat' dir='ltr'>raeemosis‚</span> <span class='ocrx_word' id='word_1_36' title='bbox 844 550 1067 604; x_wconf 86' lang='lat' dir='ltr'>pedicellis</span> <span class='ocrx_word' id='word_1_37' title='bbox 1094 550 1241 602; x_wconf 79' lang='lat' dir='ltr'>calyce</span> <span class='ocrx_word' id='word_1_38' title='bbox 1273 549 1345 589; x_wconf 85' lang='lat' dir='ltr'>vix</span> <span class='ocrx_word' id='word_1_39' title='bbox 1372 548 1668 600; x_wconf 79' lang='lat' dir='ltr'>brevioribus,</span> <span class='ocrx_word' id='word_1_40' title='bbox 1706 552 1852 605; x_wconf 90' lang='lat' dir='ltr'>calyce</span> 
     </span>
     <span class='ocr_line' id='line_1_7' title="bbox 136 607 1855 667; baseline -0.002 -11"><span class='ocrx_word' id='word_1_41' title='bbox 136 617 380 656; x_wconf 89' lang='lat' dir='ltr'>tomentoso</span> <span class='ocrx_word' id='word_1_42' title='bbox 404 613 448 667; x_wconf 70' lang='lat'>(⁰2</span> <span class='ocrx_word' id='word_1_43' title='bbox 475 612 613 654; x_wconf 80' lang='lat' dir='ltr'>lineas</span> <span class='ocrx_word' id='word_1_44' title='bbox 640 610 784 666; x_wconf 82' lang='lat' dir='ltr'>longo)</span> <span class='ocrx_word' id='word_1_45' title='bbox 814 612 905 653; x_wconf 85' lang='lat' dir='ltr'>fere</span> <span class='ocrx_word' id='word_1_46' title='bbox 927 610 979 651; x_wconf 89' lang='lat' dir='ltr'>ad</span> <span class='ocrx_word' id='word_1_47' title='bbox 1006 609 1131 652; x_wconf 88' lang='lat' dir='ltr'>basin</span> <span class='ocrx_word' id='word_1_48' title='bbox 1159 608 1201 649; x_wconf 92' lang='lat' dir='ltr'>in</span> <span class='ocrx_word' id='word_1_49' title='bbox 1224 607 1401 650; x_wconf 82' lang='lat' dir='ltr'>lacinias</span> <span class='ocrx_word' id='word_1_50' title='bbox 1423 608 1684 651; x_wconf 84' lang='lat' dir='ltr'>lanceolatas</span> <span class='ocrx_word' id='word_1_51' title='bbox 1705 613 1855 653; x_wconf 83' lang='lat' dir='ltr'>acutas</span> 
     </span>
     <span class='ocr_line' id='line_1_8' title="bbox 139 667 1458 721; baseline -0.004 -7"><span class='ocrx_word' id='word_1_52' title='bbox 139 673 257 719; x_wconf 71' lang='lat' dir='ltr'>fisso.v</span> <span class='ocrx_word' id='word_1_53' title='bbox 283 671 519 714; x_wconf 89' lang='lat' dir='ltr'>filamentis</span> <span class='ocrx_word' id='word_1_54' title='bbox 544 671 721 712; x_wconf 83' lang='lat' dir='ltr'>sordide</span> <span class='ocrx_word' id='word_1_55' title='bbox 750 669 1083 712; x_wconf 76' lang='lat' dir='ltr'>albo-barbatis.</span> <span class='ocrx_word' id='word_1_56' title='bbox 1111 668 1291 720; x_wconf 83' lang='lat' dir='ltr'>capsula</span> <span class='ocrx_word' id='word_1_57' title='bbox 1298 700 1366 708; x_wconf 91' lang='grc'><strong>.....</strong></span> <span class='ocrx_word' id='word_1_58' title='bbox 1388 667 1458 721; x_wconf 62' lang='lat' dir='ltr'>Q).</span> 
     </span>
    </p>

    <p class='ocr_par' dir='ltr' id='par_1_3' title="bbox 138 742 1857 839">
     <span class='ocr_line' id='line_1_9' title="bbox 185 742 1857 794; baseline -0.002 -11"><span class='ocrx_word' id='word_1_59' title='bbox 185 747 288 783; x_wconf 78' lang='lat' dir='ltr'>Hah.</span> <span class='ocrx_word' id='word_1_60' title='bbox 307 747 347 783; x_wconf 86' lang='lat' dir='ltr'>in</span> <span class='ocrx_word' id='word_1_61' title='bbox 367 747 490 794; x_wconf 80' lang='lat' dir='ltr'>pratis</span> <span class='ocrx_word' id='word_1_62' title='bbox 510 746 709 781; x_wconf 87' lang='lat' dir='ltr'>montanis</span> <span class='ocrx_word' id='word_1_63' title='bbox 729 755 840 792; x_wconf 87' lang='lat' dir='ltr'>prov.</span> <span class='ocrx_word' id='word_1_64' title='bbox 860 745 1089 780; x_wconf 81' lang='lat' dir='ltr'>Khorassan</span> <span class='ocrx_word' id='word_1_65' title='bbox 1109 742 1251 778; x_wconf 82' lang='lat' dir='ltr'>Persiae</span> <span class='ocrx_word' id='word_1_66' title='bbox 1280 752 1400 789; x_wconf 84' lang='lat' dir='ltr'>prope</span> <span class='ocrx_word' id='word_1_67' title='bbox 1420 742 1600 789; x_wconf 79' lang='lat' dir='ltr'>Dchegar</span> <span class='ocrx_word' id='word_1_68' title='bbox 1618 745 1655 779; x_wconf 90' lang='lat' dir='ltr'>et</span> <span class='ocrx_word' id='word_1_69' title='bbox 1674 743 1857 790; x_wconf 80' lang='lat' dir='ltr'>Chanlug</span> 
     </span>
     <span class='ocr_line' id='line_1_10' title="bbox 138 792 1060 839; baseline -0.004 -9"><span class='ocrx_word' id='word_1_70' title='bbox 138 795 177 829; x_wconf 88' lang='lat' dir='ltr'>in</span> <span class='ocrx_word' id='word_1_71' title='bbox 197 796 262 830; x_wconf 70' lang='lat' dir='ltr'>via</span> <span class='ocrx_word' id='word_1_72' title='bbox 280 795 382 830; x_wconf 89' lang='lat' dir='ltr'>inter</span> <span class='ocrx_word' id='word_1_73' title='bbox 400 794 603 839; x_wconf 78' lang='lat' dir='ltr'>Nicliapur</span> <span class='ocrx_word' id='word_1_74' title='bbox 621 797 659 828; x_wconf 85' lang='lat' dir='ltr'>et</span> <span class='ocrx_word' id='word_1_75' title='bbox 677 792 891 828; x_wconf 80' lang='lat' dir='ltr'>Meschhed</span> <span class='ocrx_word' id='word_1_76' title='bbox 912 792 1060 837; x_wconf 80' lang='lat' dir='ltr'>(Bgel).</span> 
     </span>
    </p>
   </div>
   <div class='ocr_carea' id='block_1_3' title="bbox 137 854 1856 948">
    <p class='ocr_par' dir='ltr' id='par_1_4' title="bbox 137 854 1856 948">
     <span class='ocr_line' id='line_1_11' title="bbox 183 854 1856 903; baseline -0.001 -10"><span class='ocrx_word' id='word_1_77' title='bbox 183 859 310 894; x_wconf 87' lang='lat' dir='ltr'>Affine</span> <span class='ocrx_word' id='word_1_78' title='bbox 329 859 484 894; x_wconf 88' lang='lat' dir='ltr'>videtur</span> <span class='ocrx_word' id='word_1_79' title='bbox 517 857 554 893; x_wconf 87' lang='lat' dir='ltr'>V.</span> <span class='ocrx_word' id='word_1_80' title='bbox 581 857 784 894; x_wconf 69' lang='lat' dir='ltr'>Dae‘nensz‘</span> <span class='ocrx_word' id='word_1_81' title='bbox 808 869 829 892; x_wconf 89' lang='lat' dir='ltr'>a</span> <span class='ocrx_word' id='word_1_82' title='bbox 861 867 939 903; x_wconf 88' lang='lat' dir='ltr'>quo</span> <span class='ocrx_word' id='word_1_83' title='bbox 974 855 1104 891; x_wconf 83' lang='lat' dir='ltr'>differt</span> <span class='ocrx_word' id='word_1_84' title='bbox 1127 854 1358 890; x_wconf 89' lang='lat' dir='ltr'>indumento</span> <span class='ocrx_word' id='word_1_85' title='bbox 1377 854 1496 898; x_wconf 86' lang='lat' dir='ltr'>tenui,</span> <span class='ocrx_word' id='word_1_86' title='bbox 1523 854 1629 890; x_wconf 84' lang='lat' dir='ltr'>foliis</span> <span class='ocrx_word' id='word_1_87' title='bbox 1656 855 1856 901; x_wconf 73' lang='lat' dir='ltr'>brevibus,</span> 
     </span>
     <span class='ocr_line' id='line_1_12' title="bbox 137 901 1855 948; baseline -0.001 -7"><span class='ocrx_word' id='word_1_88' title='bbox 137 906 299 942; x_wconf 81' lang='lat' dir='ltr'>fioribus</span> <span class='ocrx_word' id='word_1_89' title='bbox 329 907 407 943; x_wconf 75' lang='lat' dir='ltr'>fere</span> <span class='ocrx_word' id='word_1_90' title='bbox 440 905 605 941; x_wconf 86' lang='lat' dir='ltr'>dimidio</span> <span class='ocrx_word' id='word_1_91' title='bbox 637 906 879 948; x_wconf 77' lang='lat' dir='ltr'>minoribus3</span> <span class='ocrx_word' id='word_1_92' title='bbox 905 904 1026 939; x_wconf 84' lang='lat' dir='ltr'>facies</span> <span class='ocrx_word' id='word_1_93' title='bbox 1057 901 1092 937; x_wconf 90' lang='lat' dir='ltr'>V.</span> <span class='ocrx_word' id='word_1_94' title='bbox 1124 901 1298 938; x_wconf 60' lang='lat' dir='ltr'>ertantlzz&#39;</span> <span class='ocrx_word' id='word_1_95' title='bbox 1325 902 1459 947; x_wconf 76' lang='lat' dir='ltr'>calyce</span> <span class='ocrx_word' id='word_1_96' title='bbox 1490 903 1661 938; x_wconf 79' lang='lat' dir='ltr'>breviter</span> <span class='ocrx_word' id='word_1_97' title='bbox 1693 903 1855 939; x_wconf 78' lang='lat' dir='ltr'>dentato</span> 
     </span>
    </p>
   </div>
   <div class='ocr_carea' id='block_1_4' title="bbox 138 953 294 989">
    <p class='ocr_par' dir='ltr' id='par_1_5' title="bbox 138 953 294 989">
     <span class='ocr_line' id='line_1_13' title="bbox 138 953 294 989; baseline 0.006 -1"><span class='ocrx_word' id='word_1_98' title='bbox 138 953 294 989; x_wconf 83' lang='lat' dir='ltr'>diversi.</span> 
     </span>
    </p>
   </div>
   <div class='ocr_carea' id='block_1_5' title="bbox 135 1060 1856 1791">
    <p class='ocr_par' dir='ltr' id='par_1_6' title="bbox 135 1060 1856 1654">
     <span class='ocr_line' id='line_1_14' title="bbox 196 1060 1854 1118; baseline -0.002 -11"><span class='ocrx_word' id='word_1_99' title='bbox 196 1066 267 1107; x_wconf 77' lang='lat'>48.</span> <span class='ocrx_word' id='word_1_100' title='bbox 318 1063 380 1107; x_wconf 90' lang='lat' dir='ltr'>V.</span> <span class='ocrx_word' id='word_1_101' title='bbox 431 1061 904 1118; x_wconf 79' lang='lat' dir='ltr'>stachydiforme</span> <span class='ocrx_word' id='word_1_102' title='bbox 951 1063 1120 1118; x_wconf 77' lang='lat' dir='ltr'>(Boiss.</span> <span class='ocrx_word' id='word_1_103' title='bbox 1171 1065 1213 1104; x_wconf 83' lang='lat' dir='ltr'>et</span> <span class='ocrx_word' id='word_1_104' title='bbox 1261 1060 1408 1102; x_wconf 80' lang='lat' dir='ltr'>Bulise</span> <span class='ocrx_word' id='word_1_105' title='bbox 1466 1060 1590 1102; x_wconf 78' lang='lat' dir='ltr'>Aul&#39;z.</span> <span class='ocrx_word' id='word_1_106' title='bbox 1653 1075 1691 1115; x_wconf 94' lang='lat' dir='ltr'>p.</span> <span class='ocrx_word' id='word_1_107' title='bbox 1742 1062 1854 1116; x_wconf 76' lang='grc'>159)</span> 
     </span>
     <span class='ocr_line' id='line_1_15' title="bbox 138 1120 1852 1179; baseline -0.002 -12"><span class='ocrx_word' id='word_1_108' title='bbox 138 1124 367 1179; x_wconf 65' lang='lat' dir='ltr'>perenne?</span> <span class='ocrx_word' id='word_1_109' title='bbox 393 1124 649 1177; x_wconf 82' lang='lat' dir='ltr'>plnricaule,</span> <span class='ocrx_word' id='word_1_110' title='bbox 678 1127 816 1166; x_wconf 85' lang='lat' dir='ltr'>totum</span> <span class='ocrx_word' id='word_1_111' title='bbox 847 1127 1038 1165; x_wconf 86' lang='lat' dir='ltr'>tomento</span> <span class='ocrx_word' id='word_1_112' title='bbox 1066 1121 1203 1163; x_wconf 84' lang='lat' dir='ltr'>denso</span> <span class='ocrx_word' id='word_1_113' title='bbox 1231 1120 1561 1174; x_wconf 80' lang='lat' dir='ltr'>griseo-ssavido</span> <span class='ocrx_word' id='word_1_114' title='bbox 1587 1133 1852 1173; x_wconf 86' lang='lat' dir='ltr'>pannosum,</span> 
     </span>
     <span class='ocr_line' id='line_1_16' title="bbox 135 1180 1856 1237; baseline -0.002 -11"><span class='ocrx_word' id='word_1_115' title='bbox 135 1184 335 1226; x_wconf 84' lang='lat' dir='ltr'>caulibus</span> <span class='ocrx_word' id='word_1_116' title='bbox 361 1183 520 1226; x_wconf 85' lang='lat' dir='ltr'>foliatis</span> <span class='ocrx_word' id='word_1_117' title='bbox 549 1184 591 1224; x_wconf 88' lang='lat' dir='ltr'>in</span> <span class='ocrx_word' id='word_1_118' title='bbox 618 1195 837 1225; x_wconf 84' lang='lat' dir='ltr'>racemum</span> <span class='ocrx_word' id='word_1_119' title='bbox 868 1183 1114 1237; x_wconf 87' lang='lat' dir='ltr'>simplicem</span> <span class='ocrx_word' id='word_1_120' title='bbox 1141 1181 1208 1223; x_wconf 69' lang='lat' dir='ltr'>vel</span> <span class='ocrx_word' id='word_1_121' title='bbox 1238 1180 1434 1221; x_wconf 74' lang='lat' dir='ltr'>breviter</span> <span class='ocrx_word' id='word_1_122' title='bbox 1453 1184 1495 1221; x_wconf 87' lang='lat' dir='ltr'>ct</span> <span class='ocrx_word' id='word_1_123' title='bbox 1514 1192 1643 1233; x_wconf 86' lang='lat' dir='ltr'>parce</span> <span class='ocrx_word' id='word_1_124' title='bbox 1666 1182 1856 1223; x_wconf 85' lang='lat' dir='ltr'>ramulo·</span> 
     </span>
     <span class='ocr_line' id='line_1_17' title="bbox 138 1238 1856 1295; baseline -0.002 -10"><span class='ocrx_word' id='word_1_125' title='bbox 138 1255 234 1285; x_wconf 88' lang='lat' dir='ltr'>sum</span> <span class='ocrx_word' id='word_1_126' title='bbox 264 1242 544 1291; x_wconf 82' lang='lat' dir='ltr'>abeuntibus,</span> <span class='ocrx_word' id='word_1_127' title='bbox 572 1243 685 1285; x_wconf 87' lang='lat' dir='ltr'>foliis</span> <span class='ocrx_word' id='word_1_128' title='bbox 717 1242 916 1295; x_wconf 78' lang='lat' dir='ltr'>oblongis</span> <span class='ocrx_word' id='word_1_129' title='bbox 943 1240 1185 1285; x_wconf 83' lang='lat' dir='ltr'>crcnulatis</span> <span class='ocrx_word' id='word_1_130' title='bbox 1211 1239 1293 1282; x_wconf 88' lang='lat' dir='ltr'>sub</span> <span class='ocrx_word' id='word_1_131' title='bbox 1321 1238 1578 1281; x_wconf 86' lang='lat' dir='ltr'>indumento</span> <span class='ocrx_word' id='word_1_132' title='bbox 1605 1241 1856 1282; x_wconf 87' lang='lat' dir='ltr'>reticulato-</span> 
     </span>
     <span class='ocr_line' id='line_1_18' title="bbox 139 1298 1856 1355; baseline -0.001 -11"><span class='ocrx_word' id='word_1_133' title='bbox 139 1303 339 1345; x_wconf 85' lang='lat' dir='ltr'>nervosis</span> <span class='ocrx_word' id='word_1_134' title='bbox 365 1302 647 1344; x_wconf 83' lang='lat' dir='ltr'>inferioribus</span> <span class='ocrx_word' id='word_1_135' title='bbox 677 1307 716 1343; x_wconf 89' lang='lat' dir='ltr'>in</span> <span class='ocrx_word' id='word_1_136' title='bbox 743 1303 954 1355; x_wconf 83' lang='lat' dir='ltr'>petiolum</span> <span class='ocrx_word' id='word_1_137' title='bbox 977 1301 1155 1342; x_wconf 78' lang='lat' dir='ltr'>brevem</span> <span class='ocrx_word' id='word_1_138' title='bbox 1175 1298 1412 1342; x_wconf 84' lang='lat' dir='ltr'>attenuatis</span> <span class='ocrx_word' id='word_1_139' title='bbox 1433 1298 1604 1340; x_wconf 79' lang='lat' dir='ltr'>caeteris</span> <span class='ocrx_word' id='word_1_140' title='bbox 1624 1300 1856 1342; x_wconf 82' lang='lat' dir='ltr'>sessilibus</span> 
     </span>
     <span class='ocr_line' id='line_1_19' title="bbox 136 1358 1856 1415; baseline -0.001 -13"><span class='ocrx_word' id='word_1_141' title='bbox 136 1361 545 1415; x_wconf 84' lang='lat' dir='ltr'>amplexicaulibus,</span> <span class='ocrx_word' id='word_1_142' title='bbox 581 1361 808 1404; x_wconf 81' lang='lat' dir='ltr'>floralibus</span> <span class='ocrx_word' id='word_1_143' title='bbox 837 1361 1088 1404; x_wconf 83' lang='lat' dir='ltr'>lanceolatis</span> <span class='ocrx_word' id='word_1_144' title='bbox 1114 1359 1239 1411; x_wconf 79' lang='lat' dir='ltr'>longe</span> <span class='ocrx_word' id='word_1_145' title='bbox 1266 1358 1523 1400; x_wconf 76' lang='lat' dir='ltr'>acuminatis</span> <span class='ocrx_word' id='word_1_146' title='bbox 1557 1358 1690 1400; x_wconf 83' lang='lat' dir='ltr'>flores</span> <span class='ocrx_word' id='word_1_147' title='bbox 1724 1371 1856 1413; x_wconf 87' lang='lat' dir='ltr'>supe-</span> 
     </span>
     <span class='ocr_line' id='line_1_20' title="bbox 135 1417 1856 1474; baseline -0.001 -12"><span class='ocrx_word' id='word_1_148' title='bbox 135 1421 494 1474; x_wconf 76' lang='lat' dir='ltr'>1·antil)us‚spicis</span> <span class='ocrx_word' id='word_1_149' title='bbox 520 1422 832 1473; x_wconf 71' lang='lat' dir='ltr'>(lensinsculis‚</span> <span class='ocrx_word' id='word_1_150' title='bbox 856 1420 1042 1463; x_wconf 84' lang='lat' dir='ltr'>floribus</span> <span class='ocrx_word' id='word_1_151' title='bbox 1063 1419 1440 1469; x_wconf 69' lang='lat' dir='ltr'>2·3-l&#39;asciculatiS,</span> <span class='ocrx_word' id='word_1_152' title='bbox 1460 1417 1686 1471; x_wconf 81' lang='lat' dir='ltr'>pedicellis</span> <span class='ocrx_word' id='word_1_153' title='bbox 1707 1419 1856 1473; x_wconf 78' lang='lat' dir='ltr'>calyce</span> 
     </span>
     <span class='ocr_line' id='line_1_21' title="bbox 135 1476 1855 1534; baseline -0.001 -13"><span class='ocrx_word' id='word_1_154' title='bbox 135 1479 426 1531; x_wconf 85' lang='lat' dir='ltr'>brevioribus,</span> <span class='ocrx_word' id='word_1_155' title='bbox 449 1482 595 1534; x_wconf 80' lang='lat' dir='ltr'>calyce</span> <span class='ocrx_word' id='word_1_156' title='bbox 617 1493 809 1534; x_wconf 86' lang='lat' dir='ltr'>pannoso</span> <span class='ocrx_word' id='word_1_157' title='bbox 833 1481 879 1530; x_wconf 72' lang='lat'>(2</span> <span class='ocrx_word' id='word_1_158' title='bbox 907 1479 954 1533; x_wconf 69' lang='lat' dir='ltr'>¹s2</span> <span class='ocrx_word' id='word_1_159' title='bbox 988 1480 1060 1521; x_wconf 92' lang='lat' dir='ltr'>lin.</span> <span class='ocrx_word' id='word_1_160' title='bbox 1087 1479 1236 1532; x_wconf 83' lang='lat' dir='ltr'>longo)</span> <span class='ocrx_word' id='word_1_161' title='bbox 1263 1478 1351 1519; x_wconf 82' lang='lat' dir='ltr'>sere</span> <span class='ocrx_word' id='word_1_162' title='bbox 1377 1476 1431 1518; x_wconf 84' lang='lat' dir='ltr'>ad</span> <span class='ocrx_word' id='word_1_163' title='bbox 1453 1477 1575 1518; x_wconf 81' lang='lat' dir='ltr'>basin</span> <span class='ocrx_word' id='word_1_164' title='bbox 1601 1477 1644 1518; x_wconf 91' lang='lat' dir='ltr'>in</span> <span class='ocrx_word' id='word_1_165' title='bbox 1672 1478 1855 1520; x_wconf 87' lang='lat' dir='ltr'>lacinias</span> 
     </span>
     <span class='ocr_line' id='line_1_22' title="bbox 138 1536 1855 1591; baseline -0.001 -10"><span class='ocrx_word' id='word_1_166' title='bbox 138 1540 579 1582; x_wconf 84' lang='lat' dir='ltr'>lineari-lanceolatas</span> <span class='ocrx_word' id='word_1_167' title='bbox 605 1540 934 1583; x_wconf 84' lang='lat' dir='ltr'>obtusiuscnlas</span> <span class='ocrx_word' id='word_1_168' title='bbox 963 1538 1079 1589; x_wconf 84' lang='lat' dir='ltr'>lisso,</span> <span class='ocrx_word' id='word_1_169' title='bbox 1105 1537 1270 1580; x_wconf 73' lang='lat' dir='ltr'>corolla</span> <span class='ocrx_word' id='word_1_170' title='bbox 1297 1538 1434 1591; x_wconf 76' lang='lat' dir='ltr'>parva</span> <span class='ocrx_word' id='word_1_171' title='bbox 1461 1536 1588 1588; x_wconf 73' lang='lat' dir='ltr'>flava,</span> <span class='ocrx_word' id='word_1_172' title='bbox 1618 1538 1855 1579; x_wconf 85' lang='lat' dir='ltr'>lilamentis</span> 
     </span>
     <span class='ocr_line' id='line_1_23' title="bbox 136 1598 1127 1654; baseline -0.003 -13"><span class='ocrx_word' id='word_1_173' title='bbox 136 1598 341 1641; x_wconf 84' lang='lat' dir='ltr'>omnibus</span> <span class='ocrx_word' id='word_1_174' title='bbox 369 1599 719 1651; x_wconf 84' lang='lat' dir='ltr'>ssavo-barbatis,</span> <span class='ocrx_word' id='word_1_175' title='bbox 749 1600 1007 1654; x_wconf 81' lang='lat' dir='ltr'>capsula.....</span> <span class='ocrx_word' id='word_1_176' title='bbox 1046 1605 1081 1645; x_wconf 66' lang='lat'>26</span> <span class='ocrx_word' id='word_1_177' title='bbox 1107 1598 1127 1638; x_wconf 69' lang='lat'>⁹?</span> 
     </span>
    </p>

    <p class='ocr_par' dir='ltr' id='par_1_7' title="bbox 183 1671 1632 1721">
     <span class='ocr_line' id='line_1_24' title="bbox 183 1671 1632 1721; baseline -0.003 -11"><span class='ocrx_word' id='word_1_178' title='bbox 183 1675 286 1710; x_wconf 80' lang='lat' dir='ltr'>Hal).</span> <span class='ocrx_word' id='word_1_179' title='bbox 305 1675 345 1710; x_wconf 88' lang='lat' dir='ltr'>in</span> <span class='ocrx_word' id='word_1_180' title='bbox 364 1675 469 1721; x_wconf 83' lang='lat' dir='ltr'>agris</span> <span class='ocrx_word' id='word_1_181' title='bbox 488 1674 646 1710; x_wconf 85' lang='lat' dir='ltr'>incultis</span> <span class='ocrx_word' id='word_1_182' title='bbox 669 1675 829 1710; x_wconf 82' lang='lat' dir='ltr'>ditionis</span> <span class='ocrx_word' id='word_1_183' title='bbox 849 1674 1023 1720; x_wconf 83' lang='lat' dir='ltr'>Talysch</span> <span class='ocrx_word' id='word_1_184' title='bbox 1040 1683 1161 1720; x_wconf 82' lang='lat' dir='ltr'>prope</span> <span class='ocrx_word' id='word_1_185' title='bbox 1180 1671 1414 1708; x_wconf 79' lang='lat' dir='ltr'>Aschewlar</span> <span class='ocrx_word' id='word_1_186' title='bbox 1432 1671 1632 1716; x_wconf 83' lang='lat' dir='ltr'>(Buhsel).</span> 
     </span>
    </p>

    <p class='ocr_par' dir='ltr' id='par_1_8' title="bbox 182 1737 1855 1791">
     <span class='ocr_line' id='line_1_25' title="bbox 182 1737 1855 1791; baseline 0 -17"><span class='ocrx_word' id='word_1_187' title='bbox 182 1739 323 1775; x_wconf 79' lang='lat' dir='ltr'>Caules</span> <span class='ocrx_word' id='word_1_188' title='bbox 351 1751 440 1775; x_wconf 90' lang='lat' dir='ltr'>cum</span> <span class='ocrx_word' id='word_1_189' title='bbox 471 1751 624 1776; x_wconf 85' lang='lat' dir='ltr'>racemo</span> <span class='ocrx_word' id='word_1_190' title='bbox 651 1740 883 1786; x_wconf 84' lang='lat' dir='ltr'>semipedali</span> <span class='ocrx_word' id='word_1_191' title='bbox 912 1738 1223 1786; x_wconf 79' lang='lat' dir='ltr'>sesquipedales,</span> <span class='ocrx_word' id='word_1_192' title='bbox 1254 1737 1349 1773; x_wconf 82' lang='lat' dir='ltr'>folia</span> <span class='ocrx_word' id='word_1_193' title='bbox 1375 1738 1560 1773; x_wconf 82' lang='lat' dir='ltr'>inferiora</span> <span class='ocrx_word' id='word_1_194' title='bbox 1580 1738 1601 1772; x_wconf 87' lang='lat'><strong>4</strong></span> <span class='ocrx_word' id='word_1_195' title='bbox 1620 1737 1715 1784; x_wconf 86' lang='lat' dir='ltr'>poll.</span> <span class='ocrx_word' id='word_1_196' title='bbox 1734 1737 1855 1791; x_wconf 73' lang='lat' dir='ltr'>longa</span> 
     </span>
    </p>
   </div>
   <div class='ocr_carea' id='block_1_6' title="bbox 130 1786 1852 1882">
    <p class='ocr_par' dir='ltr' id='par_1_9' title="bbox 130 1786 1852 1882">
     <span class='ocr_line' id='line_1_26' title="bbox 132 1786 1852 1834; baseline -0.001 -12"><span class='ocrx_word' id='word_1_197' title='bbox 132 1787 247 1824; x_wconf 55' lang='lat'>1245</span> <span class='ocrx_word' id='word_1_198' title='bbox 278 1788 403 1823; x_wconf 87' lang='lat' dir='ltr'>lineas</span> <span class='ocrx_word' id='word_1_199' title='bbox 435 1787 525 1823; x_wconf 83' lang='lat' dir='ltr'>lata.</span> <span class='ocrx_word' id='word_1_200' title='bbox 559 1788 693 1823; x_wconf 79' lang='lat' dir='ltr'>Facies</span> <span class='ocrx_word' id='word_1_201' title='bbox 724 1788 936 1834; x_wconf 70' lang='lat' dir='ltr'>Stachyde&#39;s</span> <span class='ocrx_word' id='word_1_202' title='bbox 975 1787 1136 1823; x_wconf 62' lang='lat' dir='ltr'>lanatae.</span> <span class='ocrx_word' id='word_1_203' title='bbox 1178 1786 1342 1821; x_wconf 85' lang='lat' dir='ltr'>Duratio</span> <span class='ocrx_word' id='word_1_204' title='bbox 1372 1786 1531 1830; x_wconf 85' lang='lat' dir='ltr'>incerta,</span> <span class='ocrx_word' id='word_1_205' title='bbox 1566 1796 1614 1821; x_wconf 82' lang='lat' dir='ltr'>ex</span> <span class='ocrx_word' id='word_1_206' title='bbox 1639 1786 1852 1832; x_wconf 72' lang='lat' dir='ltr'>specimine</span> 
     </span>
     <span class='ocr_line' id='line_1_27' title="bbox 130 1835 1058 1882; baseline -0.001 -12"><span class='ocrx_word' id='word_1_207' title='bbox 130 1835 279 1880; x_wconf 87' lang='lat' dir='ltr'>juniori</span> <span class='ocrx_word' id='word_1_208' title='bbox 300 1835 537 1882; x_wconf 87' lang='lat' dir='ltr'>descriptum</span> <span class='ocrx_word' id='word_1_209' title='bbox 562 1835 727 1871; x_wconf 87' lang='lat' dir='ltr'>ulterius</span> <span class='ocrx_word' id='word_1_210' title='bbox 749 1835 1058 1871; x_wconf 77' lang='lat' dir='ltr'>observandum.</span> 
     </span>
    </p>
   </div>
   <div class='ocr_carea' id='block_1_7' title="bbox 134 1948 1853 2539">
    <p class='ocr_par' dir='ltr' id='par_1_10' title="bbox 134 1948 1853 2539">
     <span class='ocr_line' id='line_1_28' title="bbox 194 1948 1852 2007; baseline -0.002 -13"><span class='ocrx_word' id='word_1_211' title='bbox 194 1954 264 1994; x_wconf 66' lang='lat'>45).</span> <span class='ocrx_word' id='word_1_212' title='bbox 300 1952 365 1995; x_wconf 91' lang='lat' dir='ltr'>V.</span> <span class='ocrx_word' id='word_1_213' title='bbox 384 1952 761 1996; x_wconf 79' lang='lat' dir='ltr'>lasianthum</span> <span class='ocrx_word' id='word_1_214' title='bbox 777 1952 940 2007; x_wconf 74' lang='lat' dir='ltr'>(Boiss.</span> <span class='ocrx_word' id='word_1_215' title='bbox 964 1952 1008 1994; x_wconf 91' lang='lat' dir='ltr'>in</span> <span class='ocrx_word' id='word_1_216' title='bbox 1032 1951 1207 1993; x_wconf 84' lang='lat' dir='ltr'>Pinard.</span> <span class='ocrx_word' id='word_1_217' title='bbox 1236 1963 1327 1993; x_wconf 80' lang='lat' dir='ltr'>exs.</span> <span class='ocrx_word' id='word_1_218' title='bbox 1348 1948 1477 1994; x_wconf 71' lang='lat'>4843.</span> <span class='ocrx_word' id='word_1_219' title='bbox 1507 1976 1563 1981; x_wconf 89' lang='lat'><strong>—</strong></span> <span class='ocrx_word' id='word_1_220' title='bbox 1585 1951 1681 1993; x_wconf 85' lang='lat' dir='ltr'>Btli.</span> <span class='ocrx_word' id='word_1_221' title='bbox 1703 1951 1744 1991; x_wconf 86' lang='lat' dir='ltr'>in</span> <span class='ocrx_word' id='word_1_222' title='bbox 1769 1962 1852 1993; x_wconf 75' lang='lat' dir='ltr'>oc.</span> 
     </span>
     <span class='ocr_line' id='line_1_29' title="bbox 137 2009 1852 2066; baseline -0.001 -13"><span class='ocrx_word' id='word_1_223' title='bbox 137 2012 287 2054; x_wconf 84' lang='lat' dir='ltr'>Prodr.</span> <span class='ocrx_word' id='word_1_224' title='bbox 326 2012 384 2065; x_wconf 87' lang='lat' dir='ltr'>X,</span> <span class='ocrx_word' id='word_1_225' title='bbox 426 2025 466 2066; x_wconf 87' lang='lat' dir='ltr'>p.</span> <span class='ocrx_word' id='word_1_226' title='bbox 510 2013 614 2059; x_wconf 74' lang='lat'>234)</span> <span class='ocrx_word' id='word_1_227' title='bbox 660 2017 851 2056; x_wconf 81' lang='lat' dir='ltr'>tomento</span> <span class='ocrx_word' id='word_1_228' title='bbox 896 2012 1032 2054; x_wconf 87' lang='lat' dir='ltr'>denso</span> <span class='ocrx_word' id='word_1_229' title='bbox 1075 2011 1306 2053; x_wconf 85' lang='lat' dir='ltr'>ssavicante</span> <span class='ocrx_word' id='word_1_230' title='bbox 1346 2009 1549 2064; x_wconf 83' lang='lat' dir='ltr'>asperulo</span> <span class='ocrx_word' id='word_1_231' title='bbox 1592 2021 1852 2063; x_wconf 86' lang='lat' dir='ltr'>pannosum,</span> 
     </span>
     <span class='ocr_line' id='line_1_30' title="bbox 134 2069 1850 2125; baseline -0.002 -12"><span class='ocrx_word' id='word_1_232' title='bbox 134 2072 254 2114; x_wconf 86' lang='lat' dir='ltr'>caule</span> <span class='ocrx_word' id='word_1_233' title='bbox 283 2072 411 2114; x_wconf 85' lang='lat' dir='ltr'>valde</span> <span class='ocrx_word' id='word_1_234' title='bbox 438 2072 550 2113; x_wconf 87' lang='lat' dir='ltr'>elato</span> <span class='ocrx_word' id='word_1_235' title='bbox 579 2084 771 2125; x_wconf 75' lang='lat' dir='ltr'>superne</span> <span class='ocrx_word' id='word_1_236' title='bbox 799 2072 941 2125; x_wconf 82' lang='lat' dir='ltr'>ample</span> <span class='ocrx_word' id='word_1_237' title='bbox 977 2076 1018 2114; x_wconf 81' lang='lat' dir='ltr'>et</span> <span class='ocrx_word' id='word_1_238' title='bbox 1050 2071 1201 2113; x_wconf 83' lang='lat' dir='ltr'>stricte</span> <span class='ocrx_word' id='word_1_239' title='bbox 1226 2070 1488 2124; x_wconf 78' lang='lat' dir='ltr'>paniculato,</span> <span class='ocrx_word' id='word_1_240' title='bbox 1526 2070 1639 2112; x_wconf 87' lang='lat' dir='ltr'>foliis</span> <span class='ocrx_word' id='word_1_241' title='bbox 1665 2069 1850 2121; x_wconf 78' lang='lat' dir='ltr'>integris</span> 
     </span>
     <span class='ocr_line' id='line_1_31' title="bbox 135 2128 1853 2185; baseline -0.001 -13"><span class='ocrx_word' id='word_1_242' title='bbox 135 2131 399 2173; x_wconf 85' lang='lat' dir='ltr'>radicalibus</span> <span class='ocrx_word' id='word_1_243' title='bbox 450 2131 702 2173; x_wconf 84' lang='lat' dir='ltr'>lanceolatis</span> <span class='ocrx_word' id='word_1_244' title='bbox 744 2143 860 2185; x_wconf 68' lang='lat' dir='ltr'>saepe</span> <span class='ocrx_word' id='word_1_245' title='bbox 907 2130 1136 2184; x_wconf 57' lang='lat' dir='ltr'>elongatis</span> <span class='ocrx_word' id='word_1_246' title='bbox 1186 2129 1370 2172; x_wconf 87' lang='lat' dir='ltr'>caulinis</span> <span class='ocrx_word' id='word_1_247' title='bbox 1421 2129 1651 2172; x_wconf 79' lang='lat' dir='ltr'>diminutis</span> <span class='ocrx_word' id='word_1_248' title='bbox 1693 2141 1716 2170; x_wconf 93' lang='lat' dir='ltr'>a</span> <span class='ocrx_word' id='word_1_249' title='bbox 1760 2128 1853 2171; x_wconf 79' lang='lat' dir='ltr'>basi</span> 
     </span>
     <span class='ocr_line' id='line_1_32' title="bbox 134 2187 1853 2244; baseline -0.002 -13"><span class='ocrx_word' id='word_1_250' title='bbox 134 2190 437 2244; x_wconf 79' lang='lat' dir='ltr'>amplexicauli</span> <span class='ocrx_word' id='word_1_251' title='bbox 455 2190 653 2243; x_wconf 82' lang='lat' dir='ltr'>oblongis</span> <span class='ocrx_word' id='word_1_252' title='bbox 674 2191 738 2232; x_wconf 89' lang='lat' dir='ltr'>vel</span> <span class='ocrx_word' id='word_1_253' title='bbox 759 2190 911 2236; x_wconf 87' lang='lat' dir='ltr'>ovatis‚</span> <span class='ocrx_word' id='word_1_254' title='bbox 941 2190 1126 2232; x_wconf 88' lang='lat' dir='ltr'>floribus</span> <span class='ocrx_word' id='word_1_255' title='bbox 1152 2191 1226 2231; x_wconf 80' lang='lat'>4-5</span> <span class='ocrx_word' id='word_1_256' title='bbox 1249 2189 1470 2243; x_wconf 91' lang='lat' dir='ltr'>pedicellis</span> <span class='ocrx_word' id='word_1_257' title='bbox 1494 2189 1640 2242; x_wconf 86' lang='lat' dir='ltr'>calyce</span> <span class='ocrx_word' id='word_1_258' title='bbox 1666 2187 1853 2231; x_wconf 85' lang='lat' dir='ltr'>subbre-</span> 
     </span>
     <span class='ocr_line' id='line_1_33' title="bbox 137 2248 1852 2302; baseline -0.001 -12"><span class='ocrx_word' id='word_1_259' title='bbox 137 2249 335 2291; x_wconf 78' lang='lat' dir='ltr'>vioi·il]us</span> <span class='ocrx_word' id='word_1_260' title='bbox 360 2249 555 2291; x_wconf 83' lang='lat' dir='ltr'>suffultis</span> <span class='ocrx_word' id='word_1_261' title='bbox 584 2250 858 2295; x_wconf 80' lang='lat' dir='ltr'>l&#39;asciculalis,</span> <span class='ocrx_word' id='word_1_262' title='bbox 884 2250 1070 2293; x_wconf 84' lang='lat' dir='ltr'>racemis</span> <span class='ocrx_word' id='word_1_263' title='bbox 1097 2250 1278 2302; x_wconf 81' lang='lat' dir='ltr'>virgatis</span> <span class='ocrx_word' id='word_1_264' title='bbox 1304 2249 1427 2298; x_wconf 81' lang='lat' dir='ltr'>laxis,</span> <span class='ocrx_word' id='word_1_265' title='bbox 1443 2248 1587 2301; x_wconf 89' lang='lat' dir='ltr'>calyce</span> <span class='ocrx_word' id='word_1_266' title='bbox 1608 2251 1852 2291; x_wconf 85' lang='lat' dir='ltr'>tomentoso</span> 
     </span>
     <span class='ocr_line' id='line_1_34' title="bbox 137 2307 1853 2364; baseline -0.002 -14"><span class='ocrx_word' id='word_1_267' title='bbox 137 2313 378 2361; x_wconf 80' lang='lat' dir='ltr'>pentagono</span> <span class='ocrx_word' id='word_1_268' title='bbox 400 2309 445 2362; x_wconf 68' lang='lat'>(⁹2</span> <span class='ocrx_word' id='word_1_269' title='bbox 470 2307 518 2362; x_wconf 73' lang='lat' dir='ltr'>¹s2</span> <span class='ocrx_word' id='word_1_270' title='bbox 548 2309 684 2351; x_wconf 89' lang='lat' dir='ltr'>lineas</span> <span class='ocrx_word' id='word_1_271' title='bbox 712 2309 858 2364; x_wconf 79' lang='lat' dir='ltr'>longo)</span> <span class='ocrx_word' id='word_1_272' title='bbox 896 2309 949 2350; x_wconf 84' lang='lat' dir='ltr'>ad</span> <span class='ocrx_word' id='word_1_273' title='bbox 987 2309 1163 2352; x_wconf 76' lang='lat' dir='ltr'>tertiam</span> <span class='ocrx_word' id='word_1_274' title='bbox 1187 2312 1356 2362; x_wconf 89' lang='lat' dir='ltr'>partem</span> <span class='ocrx_word' id='word_1_275' title='bbox 1394 2307 1436 2348; x_wconf 90' lang='lat' dir='ltr'>in</span> <span class='ocrx_word' id='word_1_276' title='bbox 1473 2308 1624 2351; x_wconf 85' lang='lat' dir='ltr'>dentes</span> <span class='ocrx_word' id='word_1_277' title='bbox 1660 2307 1853 2359; x_wconf 81' lang='lat' dir='ltr'>triangu-</span> 
     </span>
     <span class='ocr_line' id='line_1_35' title="bbox 136 2365 1849 2421; baseline -0.001 -13"><span class='ocrx_word' id='word_1_278' title='bbox 136 2367 251 2410; x_wconf 88' lang='lat' dir='ltr'>lares</span> <span class='ocrx_word' id='word_1_279' title='bbox 280 2368 401 2413; x_wconf 69' lang='lat' dir='ltr'>lisso.</span> <span class='ocrx_word' id='word_1_280' title='bbox 436 2368 670 2410; x_wconf 82' lang='lat' dir='ltr'>filamenlis</span> <span class='ocrx_word' id='word_1_281' title='bbox 702 2370 907 2413; x_wconf 85' lang='lat' dir='ltr'>omnibus</span> <span class='ocrx_word' id='word_1_282' title='bbox 941 2369 1120 2411; x_wconf 84' lang='lat' dir='ltr'>sordide</span> <span class='ocrx_word' id='word_1_283' title='bbox 1155 2367 1452 2421; x_wconf 79' lang='lat' dir='ltr'>albo-lanatis,</span> <span class='ocrx_word' id='word_1_284' title='bbox 1485 2370 1750 2420; x_wconf 80' lang='lat' dir='ltr'>capsula.....</span> <span class='ocrx_word' id='word_1_285' title='bbox 1780 2365 1849 2420; x_wconf 64' lang='lat' dir='ltr'>(D.</span> 
     </span>
     <span class='ocr_line' id='line_1_36' title="bbox 145 2425 1850 2482; baseline 0 -15"><span class='ocrx_word' id='word_1_286' title='bbox 145 2426 186 2467; x_wconf 93' lang='lat' dir='ltr'>V.</span> <span class='ocrx_word' id='word_1_287' title='bbox 212 2426 487 2479; x_wconf 75' lang='lat' dir='ltr'>plelomoides</span> <span class='ocrx_word' id='word_1_288' title='bbox 508 2428 614 2470; x_wconf 86' lang='lat' dir='ltr'>Urv.</span> <span class='ocrx_word' id='word_1_289' title='bbox 652 2429 821 2478; x_wconf 87' lang='lat' dir='ltr'>Ennm.,</span> <span class='ocrx_word' id='word_1_290' title='bbox 858 2442 895 2482; x_wconf 93' lang='lat' dir='ltr'>p.</span> <span class='ocrx_word' id='word_1_291' title='bbox 931 2429 985 2470; x_wconf 73' lang='lat'>025</span> <span class='ocrx_word' id='word_1_292' title='bbox 1016 2440 1101 2470; x_wconf 91' lang='lat' dir='ltr'>non</span> <span class='ocrx_word' id='word_1_293' title='bbox 1134 2427 1178 2468; x_wconf 86' lang='lat' dir='ltr'>L.</span> <span class='ocrx_word' id='word_1_294' title='bbox 1213 2454 1262 2459; x_wconf 84' lang='lat'>-</span> <span class='ocrx_word' id='word_1_295' title='bbox 1301 2427 1336 2469; x_wconf 85' lang='lat' dir='ltr'>V.</span> <span class='ocrx_word' id='word_1_296' title='bbox 1363 2425 1596 2469; x_wconf 74' lang='lat' dir='ltr'>brevidens</span> <span class='ocrx_word' id='word_1_297' title='bbox 1636 2428 1731 2470; x_wconf 84' lang='lat' dir='ltr'>Btli.</span> <span class='ocrx_word' id='word_1_298' title='bbox 1773 2427 1850 2467; x_wconf 89' lang='lat' dir='ltr'>loc.</span> 
     </span>
     <span class='ocr_line' id='line_1_37' title="bbox 134 2486 392 2539; baseline -0.008 -11"><span class='ocrx_word' id='word_1_299' title='bbox 134 2486 202 2528; x_wconf 88' lang='lat' dir='ltr'>cit.</span> <span class='ocrx_word' id='word_1_300' title='bbox 230 2500 266 2539; x_wconf 90' lang='lat' dir='ltr'>p.</span> <span class='ocrx_word' id='word_1_301' title='bbox 293 2487 392 2528; x_wconf 69' lang='lat'>235.</span> 
     </span>
    </p>
   </div>
   <div class='ocr_carea' id='block_1_8' title="bbox 132 2559 1851 2655">
    <p class='ocr_par' dir='ltr' id='par_1_11' title="bbox 132 2559 1851 2655">
     <span class='ocr_line' id='line_1_38' title="bbox 181 2559 1851 2606; baseline 0.002 -12"><span class='ocrx_word' id='word_1_302' title='bbox 181 2559 280 2595; x_wconf 86' lang='lat' dir='ltr'>Hab.</span> <span class='ocrx_word' id='word_1_303' title='bbox 301 2561 341 2595; x_wconf 89' lang='lat' dir='ltr'>in</span> <span class='ocrx_word' id='word_1_304' title='bbox 361 2560 472 2595; x_wconf 75' lang='lat' dir='ltr'>Caria</span> <span class='ocrx_word' id='word_1_305' title='bbox 493 2560 700 2605; x_wconf 80' lang='lat' dir='ltr'>(Pinardl),</span> <span class='ocrx_word' id='word_1_306' title='bbox 720 2560 851 2596; x_wconf 77' lang='lat' dir='ltr'>insula</span> <span class='ocrx_word' id='word_1_307' title='bbox 870 2561 1011 2596; x_wconf 84' lang='lat' dir='ltr'>Samos</span> <span class='ocrx_word' id='word_1_308' title='bbox 1030 2561 1176 2606; x_wconf 66' lang='lat' dir='ltr'>(mvii,</span> <span class='ocrx_word' id='word_1_309' title='bbox 1206 2564 1338 2596; x_wconf 87' lang='lat' dir='ltr'>monte</span> <span class='ocrx_word' id='word_1_310' title='bbox 1357 2560 1692 2596; x_wconf 86' lang='lat' dir='ltr'>Balloucklardan</span> <span class='ocrx_word' id='word_1_311' title='bbox 1719 2561 1851 2605; x_wconf 80' lang='lat' dir='ltr'>Lyciae</span> 
     </span>
     <span class='ocr_line' id='line_1_39' title="bbox 132 2606 1477 2655; baseline 0.001 -14"><span class='ocrx_word' id='word_1_312' title='bbox 132 2606 297 2652; x_wconf 79' lang='lat' dir='ltr'>(Bourg.</span> <span class='ocrx_word' id='word_1_313' title='bbox 321 2618 400 2643; x_wconf 83' lang='lat' dir='ltr'>exs.</span> <span class='ocrx_word' id='word_1_314' title='bbox 423 2608 498 2643; x_wconf 87' lang='lat' dir='ltr'>sub</span> <span class='ocrx_word' id='word_1_315' title='bbox 529 2607 564 2643; x_wconf 90' lang='lat' dir='ltr'>V.</span> <span class='ocrx_word' id='word_1_316' title='bbox 585 2608 787 2653; x_wconf 75' lang='lat' dir='ltr'>Pz&#39;sz&#39;dz&#39;co)‚</span> <span class='ocrx_word' id='word_1_317' title='bbox 807 2609 847 2644; x_wconf 89' lang='lat' dir='ltr'>in</span> <span class='ocrx_word' id='word_1_318' title='bbox 867 2609 977 2654; x_wconf 81' lang='lat' dir='ltr'>agris</span> <span class='ocrx_word' id='word_1_319' title='bbox 996 2619 1116 2655; x_wconf 89' lang='lat' dir='ltr'>prope</span> <span class='ocrx_word' id='word_1_320' title='bbox 1135 2609 1226 2644; x_wconf 83' lang='lat' dir='ltr'>Sam</span> <span class='ocrx_word' id='word_1_321' title='bbox 1247 2608 1428 2653; x_wconf 84' lang='lat' dir='ltr'>(Haussk</span> <span class='ocrx_word' id='word_1_322' title='bbox 1439 2610 1477 2654; x_wconf 87' lang='lat' dir='ltr'>l).</span> 
     </span>
    </p>
   </div>
   <div class='ocr_carea' id='block_1_9' title="bbox 134 2673 1852 2863">
    <p class='ocr_par' dir='ltr' id='par_1_12' title="bbox 134 2673 1852 2863">
     <span class='ocr_line' id='line_1_40' title="bbox 181 2673 1852 2722; baseline 0.003 -14"><span class='ocrx_word' id='word_1_323' title='bbox 181 2673 320 2709; x_wconf 80' lang='lat' dir='ltr'>Planta</span> <span class='ocrx_word' id='word_1_324' title='bbox 338 2685 443 2721; x_wconf 87' lang='lat' dir='ltr'>saepe</span> <span class='ocrx_word' id='word_1_325' title='bbox 459 2675 693 2721; x_wconf 83' lang='lat' dir='ltr'>7-8-pedalis</span> <span class='ocrx_word' id='word_1_326' title='bbox 713 2675 818 2710; x_wconf 86' lang='lat' dir='ltr'>foliis</span> <span class='ocrx_word' id='word_1_327' title='bbox 837 2675 1076 2711; x_wconf 82' lang='lat' dir='ltr'>radicalibus</span> <span class='ocrx_word' id='word_1_328' title='bbox 1098 2676 1238 2722; x_wconf 88' lang='lat' dir='ltr'>pedem</span> <span class='ocrx_word' id='word_1_329' title='bbox 1260 2678 1297 2711; x_wconf 87' lang='lat' dir='ltr'>et</span> <span class='ocrx_word' id='word_1_330' title='bbox 1323 2675 1496 2720; x_wconf 87' lang='lat' dir='ltr'>amplius</span> <span class='ocrx_word' id='word_1_331' title='bbox 1522 2675 1662 2721; x_wconf 84' lang='lat' dir='ltr'>longis.</span> <span class='ocrx_word' id='word_1_332' title='bbox 1692 2675 1852 2722; x_wconf 85' lang='lat' dir='ltr'>Species</span> 
     </span>
     <span class='ocr_line' id='line_1_41' title="bbox 134 2720 1852 2769; baseline 0.003 -14"><span class='ocrx_word' id='word_1_333' title='bbox 134 2720 300 2766; x_wconf 81' lang='lat' dir='ltr'>pulchra</span> <span class='ocrx_word' id='word_1_334' title='bbox 330 2722 427 2757; x_wconf 83' lang='lat' dir='ltr'>facie</span> <span class='ocrx_word' id='word_1_335' title='bbox 463 2721 503 2756; x_wconf 89' lang='lat' dir='ltr'>V.</span> <span class='ocrx_word' id='word_1_336' title='bbox 522 2722 794 2768; x_wconf 68' lang='lat' dir='ltr'>ylomeratum</span> <span class='ocrx_word' id='word_1_337' title='bbox 820 2724 990 2758; x_wconf 80' lang='lat' dir='ltr'>referens</span> <span class='ocrx_word' id='word_1_338' title='bbox 1022 2723 1086 2758; x_wconf 84' lang='lat' dir='ltr'>sed</span> <span class='ocrx_word' id='word_1_339' title='bbox 1118 2723 1170 2758; x_wconf 84' lang='lat' dir='ltr'>ab</span> <span class='ocrx_word' id='word_1_340' title='bbox 1203 2733 1248 2758; x_wconf 90' lang='lat' dir='ltr'>eo</span> <span class='ocrx_word' id='word_1_341' title='bbox 1280 2726 1315 2758; x_wconf 84' lang='lat' dir='ltr'>et</span> <span class='ocrx_word' id='word_1_342' title='bbox 1347 2723 1531 2758; x_wconf 83' lang='lat' dir='ltr'>affinibus</span> <span class='ocrx_word' id='word_1_343' title='bbox 1563 2723 1697 2769; x_wconf 84' lang='lat' dir='ltr'>calyce</span> <span class='ocrx_word' id='word_1_344' title='bbox 1725 2724 1852 2761; x_wconf 86' lang='lat' dir='ltr'>multo</span> 
     </span>
     <span class='ocr_line' id='line_1_42' title="bbox 135 2769 1852 2815; baseline 0.003 -13"><span class='ocrx_word' id='word_1_345' title='bbox 135 2769 286 2804; x_wconf 87' lang='lat' dir='ltr'>minore</span> <span class='ocrx_word' id='word_1_346' title='bbox 303 2769 580 2815; x_wconf 86' lang='lat' dir='ltr'>campanulato</span> <span class='ocrx_word' id='word_1_347' title='bbox 612 2772 648 2805; x_wconf 92' lang='lat' dir='ltr'>et</span> <span class='ocrx_word' id='word_1_348' title='bbox 677 2770 847 2805; x_wconf 76' lang='lat' dir='ltr'>breviter</span> <span class='ocrx_word' id='word_1_349' title='bbox 873 2770 1034 2806; x_wconf 82' lang='lat' dir='ltr'>dentato</span> <span class='ocrx_word' id='word_1_350' title='bbox 1064 2770 1281 2806; x_wconf 83' lang='lat' dir='ltr'>discedens.</span> <span class='ocrx_word' id='word_1_351' title='bbox 1312 2771 1454 2806; x_wconf 82' lang='lat' dir='ltr'>Planta</span> <span class='ocrx_word' id='word_1_352' title='bbox 1473 2780 1521 2806; x_wconf 84' lang='lat' dir='ltr'>ex</span> <span class='ocrx_word' id='word_1_353' title='bbox 1540 2771 1672 2806; x_wconf 72' lang='lat' dir='ltr'>insula</span> <span class='ocrx_word' id='word_1_354' title='bbox 1691 2769 1809 2807; x_wconf 89' lang='lat' dir='ltr'>Samo</span> <span class='ocrx_word' id='word_1_355' title='bbox 1829 2783 1852 2808; x_wconf 79' lang='lat' dir='ltr'>a</span> 
     </span>
     <span class='ocr_line' id='line_1_43' title="bbox 135 2814 1288 2863; baseline 0.002 -13"><span class='ocrx_word' id='word_1_356' title='bbox 135 2814 308 2851; x_wconf 82' lang='lat' dir='ltr'>Cariensi</span> <span class='ocrx_word' id='word_1_357' title='bbox 326 2817 489 2852; x_wconf 86' lang='lat' dir='ltr'>floribus</span> <span class='ocrx_word' id='word_1_358' title='bbox 510 2817 717 2863; x_wconf 83' lang='lat' dir='ltr'>paululum</span> <span class='ocrx_word' id='word_1_359' title='bbox 738 2818 959 2853; x_wconf 87' lang='lat' dir='ltr'>minoribus</span> <span class='ocrx_word' id='word_1_360' title='bbox 978 2821 1130 2853; x_wconf 81' lang='lat' dir='ltr'>tantuin</span> <span class='ocrx_word' id='word_1_361' title='bbox 1150 2818 1288 2854; x_wconf 79' lang='lat' dir='ltr'>differt.</span> 
     </span>
    </p>
   </div>
   <div class='ocr_carea' id='block_1_10' title="bbox 135 2933 1851 3051">
    <p class='ocr_par' dir='ltr' id='par_1_13' title="bbox 135 2933 1851 3051">
     <span class='ocr_line' id='line_1_44' title="bbox 195 2933 1846 2993; baseline 0.005 -20"><span class='ocrx_word' id='word_1_362' title='bbox 195 2935 262 2974; x_wconf 73' lang='lat'>50.</span> <span class='ocrx_word' id='word_1_363' title='bbox 297 2933 357 2976; x_wconf 92' lang='lat' dir='ltr'>V.</span> <span class='ocrx_word' id='word_1_364' title='bbox 393 2935 739 2979; x_wconf 82' lang='lat' dir='ltr'>erianthum</span> <span class='ocrx_word' id='word_1_365' title='bbox 773 2935 892 2990; x_wconf 74' lang='lat' dir='ltr'>(Bm.</span> <span class='ocrx_word' id='word_1_366' title='bbox 936 2937 978 2978; x_wconf 92' lang='lat' dir='ltr'>in</span> <span class='ocrx_word' id='word_1_367' title='bbox 1019 2949 1099 2980; x_wconf 71' lang='lat' dir='ltr'>oc.</span> <span class='ocrx_word' id='word_1_368' title='bbox 1144 2937 1302 2979; x_wconf 79' lang='lat' dir='ltr'>Prodr.</span> <span class='ocrx_word' id='word_1_369' title='bbox 1342 2936 1393 2987; x_wconf 86' lang='lat' dir='ltr'>X,</span> <span class='ocrx_word' id='word_1_370' title='bbox 1434 2951 1472 2991; x_wconf 89' lang='lat' dir='ltr'>p.</span> <span class='ocrx_word' id='word_1_371' title='bbox 1520 2938 1626 2993; x_wconf 65' lang='lat'>236)</span> <span class='ocrx_word' id='word_1_372' title='bbox 1670 2938 1846 2988; x_wconf 85' lang='lat' dir='ltr'>bienne,</span> 
     </span>
     <span class='ocr_line' id='line_1_45' title="bbox 135 2992 1851 3051; baseline 0.004 -18"><span class='ocrx_word' id='word_1_373' title='bbox 135 2992 298 3034; x_wconf 84' lang='lat' dir='ltr'>elatum</span> <span class='ocrx_word' id='word_1_374' title='bbox 322 2997 513 3038; x_wconf 87' lang='lat' dir='ltr'>tomento</span> <span class='ocrx_word' id='word_1_375' title='bbox 536 2995 655 3037; x_wconf 86' lang='lat' dir='ltr'>tenui</span> <span class='ocrx_word' id='word_1_376' title='bbox 681 2996 920 3045; x_wconf 71' lang='lat' dir='ltr'>cinereum,</span> <span class='ocrx_word' id='word_1_377' title='bbox 954 2997 1075 3038; x_wconf 80' lang='lat' dir='ltr'>caule</span> <span class='ocrx_word' id='word_1_378' title='bbox 1100 2996 1331 3049; x_wconf 80' lang='lat' dir='ltr'>nigricanti</span> <span class='ocrx_word' id='word_1_379' title='bbox 1363 3009 1558 3050; x_wconf 85' lang='lat' dir='ltr'>superne</span> <span class='ocrx_word' id='word_1_380' title='bbox 1584 2998 1851 3051; x_wconf 85' lang='lat' dir='ltr'>paniculato,</span> 
     </span>
    </p>
   </div>
  </div>
 </body>
</html>
