2100 3262
282 181 329 218 60
990 188 1286 214 ASCLEPIADEAE.
1805 179 1981 218 Doemza.

286 267 378 306 sato
406 263 671 317 persistente
695 261 901 310 suffultis,
922 261 1146 314 pedicellis
1172 261 1282 302 flore
1308 261 1477 314 pluries
1505 261 1790 315 longioribus,
1816 263 1990 304 corollae

284 323 478 375 margine
504 321 658 362 ciliatae
685 321 789 363 tubo
817 321 961 373 calyce
983 320 1274 373 sublongiore,
1310 319 1510 362 folliculis
1538 319 1656 362 canis
1687 324 1988 374 praetereaque

285 381 423 434 spinis
441 379 646 435 mollibus
662 380 860 423 innocuis
879 379 1067 432 sparsim
1090 378 1243 421 obsitis
1268 391 1458 432 superne
1480 379 1524 421 in
1546 382 1738 421 rostrum
1758 383 1986 422 curvatum

283 439 533 489 attenuatis,
567 438 810 480 seminibus
837 438 1034 491 margine
1065 437 1274 480 inferiore
1304 437 1651 481 inciso-crenatis
1676 445 1711 485 5.
1746 438 1797 480 D.
1828 438 1989 479 incana

282 498 508 540 Decaisne.
539 522 588 526 ——
620 495 887 549 Peryztlarz'a
909 499 1151 538 tomentosa
1178 496 1223 539 L.
1250 497 1378 539 Mant.
1408 510 1445 550 p.
1476 498 1546 539 51.

329 571 429 607 Hah.
449 572 489 607 in
508 571 755 617 rupestribus
777 570 1035 614 desertorum,
1055 571 1250 617 AEgyptus
1269 571 1371 606 inter
1391 570 1580 606 Kahiram
1599 574 1636 606 et
1649 570 1746 606 Suez
1767 570 1897 615 (Boiss
1910 571 1935 615 l)
1951 573 1989 607 et

282 619 323 654 in
340 619 497 664 regione
514 618 679 654 littorali
693 618 742 654 ad
758 617 920 654 Kosseir
933 618 1196 662 (Schweinfl)‚
1207 617 1354 653 Arabia
1371 620 1503 664 petrea
1517 617 1705 664 (Schimp.
1720 617 1810 654 3421
1828 618 1939 653 Boiss
1949 618 1989 662 l),

283 665 414 700 Persia
436 665 622 701 australis
642 665 690 701 ad
711 665 822 711 Teng
842 665 983 701 Tokab
1007 676 1127 712 prope
1151 665 1339 700 Behehan
1362 667 1398 700 et
1422 675 1542 711 prope
1565 665 1729 701 Dalechi
1755 664 1933 705 (Haussk
1950 666 1989 710 l),

281 711 332 747 ad
352 714 482 748 sinum
501 713 700 749 Persicum
721 713 863 757 (Auch.
885 713 978 749 4928
992 715 1029 758 !)‚
1048 713 1088 748 in
1107 712 1334 748 Belutschia
1352 712 1550 757 (Stocksi).

327 778 356 812 F
359 777 461 813 lores
480 777 731 813 albo-flavidi
751 777 884 823 calyce
904 778 1093 813 brunneo.

328 842 387 877 Ar.
409 841 542 886 Geogr.
564 840 724 886 Algeria
742 840 914 886 interior,
939 840 1082 884 Nubia,
1103 840 1332 885 Abyssinia.

512 980 816 1029 CYNANCHUM
845 980 903 1042 (L.
933 993 979 1028 ex
1006 985 1125 1042 parte
1149 1007 1210 1014 —
1254 980 1301 1027 R.
1328 980 1393 1027 Bt.
1420 978 1560 1027 Wern.
1591 993 1629 1040 p.
1660 979 1750 1038 44).

340 1114 474 1169 Calyx
515 1113 916 1168 quinquepartitus.
960 1111 1128 1154 Corolia
1174 1114 1310 1153 rotata
1358 1110 1572 1164 profunde
1616 1109 1985 1164 quinquepartita.

280 1173 447 1217 Corona
462 1173 674 1215 staminea
694 1171 969 1225 monophylla
982 1170 1510 1225 tubuloso-campanulata
1526 1169 1828 1223 gynostegium
1848 1169 1987 1211 inclu-

280 1233 387 1275 dens
418 1233 585 1275 laciniis
620 1232 683 1274 10.
713 1232 736 1272 5
765 1229 1059 1274 exterioribus
1085 1229 1369 1283 longioribus,
1406 1230 1429 1270 5
1470 1229 1655 1271 internis
1689 1227 1983 1271 exterioribus

279 1292 491 1345 oppositis
515 1294 558 1333 et
579 1290 873 1333 brevioribus.
892 1289 1099 1331 Antlieree
1113 1289 1234 1342 apice
1253 1288 1606 1330 membranaceae.
1627 1287 1806 1329 Polliuis
1833 1299 1985 1329 massae

279 1354 417 1394 ovatae
445 1350 648 1404 pendulae
679 1349 969 1402 divergentes.
1000 1347 1163 1401 Stigma
1196 1350 1492 1402 pentagonum
1519 1346 1902 1389 hituberculatum.
1929 1368 1988 1376 -—·

279 1410 478 1452 Folliculi
504 1410 636 1451 laeves
670 1409 825 1451 abortu
858 1407 1017 1461 saepius
1044 1407 1240 1449 solitarii.
1270 1430 1324 1436 —
1358 1406 1503 1448 Herba
1531 1406 1737 1460 perennis
1764 1406 1984 1449 volubilis.

342 1537 380 1576 1-
409 1533 462 1577 C.
490 1536 734 1576 acutum
762 1532 829 1585 [L.
853 1531 926 1586 Sp.
956 1531 1060 1586 310)
1085 1530 1276 1573 volubile
1295 1530 1554 1573 herbaceum
1576 1530 1747 1572 inferne
1772 1529 1984 1583 glabrius-

279 1595 424 1638 culum
464 1604 656 1645 superne
699 1591 979 1645 puberulum,
1013 1590 1124 1633 foliis
1152 1604 1175 1632 a
1207 1590 1299 1632 basi
1330 1589 1414 1631 late
1451 1591 1519 1632 vel
1554 1589 1782 1641 augustius
1811 1589 1985 1631 cordata

279 1654 418 1696 ovatis
452 1653 520 1694 vel
550 1651 746 1704 oblongis
783 1650 922 1693 acutis
953 1649 1163 1692 auriculis
1197 1649 1458 1701 rotundatis,
1486 1648 1670 1691 floribus
1697 1648 1740 1690 in
1773 1648 1983 1690 umbellas

281 1714 347 1756 vel
386 1722 580 1754 racemos
621 1710 824 1752 axillares
863 1709 1180 1763 pedunculatos
1219 1707 1468 1761 dispositis,
1504 1708 1663 1761 calycis
1700 1707 1797 1761 plus
1840 1707 1982 1749 minus

276 1770 559 1825 pubescentis
586 1770 750 1812 laciniis
778 1769 990 1822 oblongis,
1008 1768 1180 1811 corollae
1208 1766 1315 1810 albae
1337 1768 1404 1809 vel
1430 1779 1568 1810 roseae
1592 1767 1757 1809 laciniis
1785 1765 1984 1820 oblongis

275 1830 460 1873 obtusis,
498 1829 701 1871 folliculis
740 1827 948 1870 tenuibus
988 1827 1236 1870 lanceolatis
1266 1827 1523 1869 acuminatis
1551 1825 1713 1879 glabris
1750 1832 1808 1872 26.
1835 1825 1889 1868 Ic.
1918 1825 1983 1868 Fl.

276 1888 415 1932 Graec,
448 1889 529 1932 tab.
560 1890 658 1930 3250.
677 1912 733 1916 —
761 1887 893 1929 Rchb.
919 1890 948 1928 t.
979 1888 1047 1928 29.
1073 1911 1130 1916 —
1154 1886 1194 1928 C.
1221 1885 1566 1938 Monspcle'acam
1593 1884 1638 1927 L.
1664 1884 1736 1938 Sp.
1764 1885 1861 1926 311.

322 1963 421 1998 Hah.
444 1963 493 1998 ad
512 1973 624 2008 sepes
644 1964 680 1997 et
694 1962 735 1996 in
755 1961 929 1996 humidis
949 1962 1069 1996 totius
1090 1961 1262 2006 regionis
1282 1960 1478 1996 inferioris
1497 1960 1715 2006 praesertim
1735 1960 1942 1995 maritimae
1960 1971 1982 1995 a

274 2011 427 2046 Graecia
448 2012 486 2045 et
513 2010 596 2054 ejus
622 2009 775 2044 insulis.
797 2008 1026 2044 Macedonia
1045 2008 1259 2053 (Pichlerv).
1290 2007 1459 2043 Thracia
1483 2010 1529 2043 et,
1547 2007 1739 2053 Byzantio
1758 2008 1913 2051 (Casti).
1931 2007 1982 2042 ad

273 2058 472 2099 Tauriam,
495 2057 716 2092 Caucasum
746 2060 785 2091 et
813 2055 1167 2091 Transcaucasiam
1200 2055 1395 2099 (Ledebl),
1423 2055 1579 2100 Syriam
1610 2056 1847 2090 maritimam
1878 2054 1942 2098 (ssl
1960 2056 1981 2096 ἱ,

275 2105 381 2140 Graill
393 2107 430 2149 l),
446 2105 665 2151 AEgyptum
682 2103 860 2148 (Husson
872 2106 889 2139 !.
905 2103 1065 2149 Schimp
1079 2104 1116 2147 ἕ),
1133 2102 1397 2148 Babyloniam
1415 2103 1464 2138 ad
1482 2101 1642 2148 Bagdad
1657 2102 1756 2145 (Noe
1768 2103 1803 2147 l).
1817 2102 1982 2147 Quoque

273 2154 310 2187 in
329 2152 583 2188 interioribus
603 2151 872 2197 salsuginosis,
897 2150 1145 2197 Cappadocia
1162 2149 1301 2194 (Ball).

332 2218 374 2272 β.
402 2217 700 2270 lonfflfoliccm.
739 2242 793 2247 ——
828 2217 945 2259 Folia
974 2220 1201 2269 angustata
1229 2216 1537 2270 subtripartita
1569 2216 1721 2258 lacinia
1751 2216 1982 2270 superiore

274 2278 508 2321 lanceolata
535 2302 591 2307 —
626 2277 667 2320 C.
697 2275 986 2329 lonyz'solium
1014 2277 1139 2318 Mart.

321 2353 420 2388 Hah.
456 2353 495 2387 in
530 2352 818 2398 Mesopotamia
852 2351 901 2386 ad
940 2351 1129 2397 Chai-put,
1165 2350 1378 2386 Diarhekir
1411 2349 1637 2394 (Hausskl).
1664 2349 1793 2384 Persia
1832 2348 1980 2383 boreali

273 2400 484 2445 (Hausskl)
503 2401 540 2435 et
558 2401 597 2435 in
619 2409 731 2446 prov.
754 2398 983 2434 Kliorassan
1003 2398 1101 2444 (Bge
1117 2400 1153 2443 l),
1173 2398 1436 2434 Turkestania
1451 2397 1500 2433 ad
1520 2396 1769 2432 Samarkand
1787 2395 1927 2441 (Lehm
1941 2396 1979 2439 l).

319 2464 382 2499 Ar.
404 2464 526 2508 Geogr
571 2463 693 2508 Regio
724 2462 1009 2498 mediterranea
1039 2461 1206 2508 Europae
1233 2472 1255 2496 a
1282 2460 1415 2496 Gallia
1444 2459 1619 2504 australi,
1639 2459 1761 2505 Italia,
1782 2459 1980 2494 Dalmatia

272 2511 320 2546 ad
341 2510 522 2546 Rossiam
543 2510 769 2554 australem,
796 2509 923 2544 Africa
943 2509 1126 2553 borealis,
1150 2509 1295 2544 Sihiria
1313 2507 1524 2554 Songarica
1543 2511 1578 2543 et
1597 2507 1762 2543 Altaica.

546 2649 876 2698 GLOSSONEMA
909 2649 1118 2708 (ssecaisn.
1147 2649 1250 2696 Anu.
1283 2649 1346 2696 Sc.
1376 2648 1466 2695 Nat.
1497 2647 1559 2702 ΙΧ,
1587 2647 1706 2705 335).

329 2780 463 2834 Calyx
487 2781 888 2836 quinquepartitus.
915 2780 1084 2824 Corolla
1111 2781 1497 2834 subcampanulata
1524 2780 1738 2835 profunde
1762 2779 1977 2834 quinque-

273 2841 429 2894 partita
454 2840 620 2882 laciniis
646 2841 765 2894 apice
792 2847 835 2882 et
860 2852 1054 2894 superne
1079 2840 1553 2883 carnoso-incrassatis.
1574 2839 1741 2881 Corona
1765 2839 1975 2881 staminea

271 2898 429 2950 phyllis
459 2901 482 2940 5
517 2899 610 2941 basi
646 2900 820 2942 corollae
855 2899 1025 2942 adnatis
1060 2899 1200 2954 planis
1226 2899 1347 2953 apice
1372 2899 1415 2941 in
1444 2899 1712 2941 filamentum
1740 2897 1974 2940 attenuatis

271 2961 490 3000 constans.
534 2958 743 3001 Antherae
781 2959 902 3012 apice
942 2959 1296 3001 membranaceae.
1341 2958 1494 3015 Massae
1534 2957 1711 3012 pollinis
1752 2961 1890 3000 ovatae
1920 2967 1974 2997 ex
