2065 3271
106 225 203 262 Stac
213 221 294 270 hys.
861 229 1060 256 LAmATAE.
1738 218 1812 256 735

111 304 334 348 floralibus
373 302 677 346 verticillastra
714 301 1026 356 superantibus
1056 303 1123 345 vel
1162 303 1448 358 aequantibus,
1487 299 1805 344 verticillastris

107 363 252 420 paucis
273 362 493 404 6-4-ssoris
512 360 773 404 distantibus
794 360 1012 415 supremis
1035 361 1253 405 interdum
1272 362 1597 416 approximatis,
1621 359 1807 403 bracteis

111 421 323 465 subulatis
345 420 632 472 brevissimis,
651 419 808 473 calycis
827 421 1115 473 cainpauulati
1139 421 1385 474 glandulosi
1406 420 1608 463 dentibus
1637 420 1805 461 lanceo-

108 481 202 523 latis
236 480 374 522 acutis
405 479 508 521 tubo
542 479 673 532 duplo
711 478 1003 529 brevioribus,
1034 481 1204 522 corollae
1241 479 1410 521 ssavidae
1447 478 1806 521 viscido-hirtuiae

108 538 207 582 tubo
236 538 499 581 subexserto
528 544 588 585 26.
612 536 652 579 S.
677 537 848 580 viscosa
874 549 964 579 var.
995 538 1205 591 Kotsclcyz'
1228 538 1324 580 Bth.
1351 538 1393 579 in
1418 551 1501 581 1).c.
1531 536 1684 580 Prodr.
1707 535 1806 589 XII,

107 611 145 652 p.
171 598 271 639 483.

154 672 252 708 Hab.
279 672 328 708 ad
355 682 472 718 rupes
503 672 697 707 abscissas
735 672 878 707 Persiae
911 671 1091 707 australis
1133 671 1319 716 (Olivierl
1354 672 1475 707 Auch.
1509 672 1647 715 28891),
1686 681 1805 717 prope

107 719 262 756 Schiras
281 722 317 755 et
342 720 381 754 in
403 721 533 754 monte
553 719 642 754 Kuh
664 719 764 754 Delu
786 719 876 765 (ΚΥ.
895 719 982 755 3451
1014 722 1051 755 et
1081 719 1196 765 4901),
1232 720 1281 755 ad
1309 720 1441 754 ruinas
1461 719 1677 765 Persepolis
1705 723 1741 754 et
1765 719 1805 753 iri

106 771 235 803 monte
254 766 344 802 Kuh
364 766 540 801 Eschker
563 766 742 810 (Haussk
758 768 795 810 1).

162 833 204 887 β.
230 831 584 885 clinopocle'oe'des.
610 856 666 863 —-
695 832 910 874 Humiiior
934 832 1212 887 semipedalis
1241 833 1311 875 vix
1334 832 1589 886 glandulosa
1612 831 1689 873 sed
1717 834 1805 873 tota

104 893 247 948 patule
275 893 341 933 vel
381 895 626 933 retrorsum
662 890 853 933 velutina
892 903 1139 943 canescens,
1164 892 1459 934 verticiiiastri
1499 891 1514 931 ‘l
1550 891 1614 932 vel
1646 891 1668 930 2
1698 889 1806 931 inse-

103 951 292 994 rioribus
316 951 534 992 interdum
558 950 749 1004 exceptis
778 950 820 991 in
844 950 1079 1003 capitulum
1109 954 1283 993 ovatum
1310 949 1613 1003 approximati,
1643 949 1803 1000 caiycis

103 1007 481 1063 velutino-liispidi
508 1009 659 1051 dentes
684 1009 900 1052 interdum
928 1010 1143 1051 acutiores
1167 1009 1240 1052 sed
1267 1010 1425 1051 mutici.
1455 1033 1507 1039 —
1537 1008 1580 1050 S.
1612 1006 1803 1048 ballone-

93 1068 262 1122 formis
283 1073 325 1111 et
347 1069 392 1111 S.
415 1067 585 1121 plebeia
608 1068 743 1110 Vatke
771 1068 866 1110 Bot.
894 1068 999 1111 Zeit.
1033 1067 1157 1121 1875,
1188 1081 1225 1122 p.
1253 1069 1353 1110 448.

152 1142 254 1178 Hah.
274 1143 312 1178 in
338 1143 504 1189 rupibus
534 1142 718 1178 calcareis
743 1142 940 1178 'montium
969 1142 1138 1187 Schahu,
1171 1144 1383 1186 Avroman,
1410 1143 1475 1178 Pii·
1499 1142 1619 1178 Omar
1641 1139 1806 1176 Gudrun

109 1189 372 1226 Kurdistaniae
390 1190 535 1226 6-8000'
555 1189 686 1233 (Olivl
707 1189 917 1235 Hausski).
943 1188 1001 1225 Fi.
1020 1190 1108 1225 Jun.

158 1252 311 1299 Species
337 1264 360 1288 a
390 1253 430 1289 S.
452 1251 633 1289 subnudd
654 1253 757 1288 foliis
783 1253 964 1295 cordatis,
993 1253 1176 1289 dentibus
1205 1253 1391 1300 calycinis
1422 1264 1499 1289 non
1526 1252 1709 1289 carinatis
1737 1260 1807 1287 nec

111 1301 377 1347 pungentibus
407 1300 574 1345 diversa,
606 1311 629 1335 a
657 1300 700 1336 cl.
733 1300 821 1335 Bth.
852 1299 890 1337 S.
920 1301 1079 1336 vz'scosoe
1109 1301 1364 1337 adnumerata
1386 1312 1474 1348 quae
1506 1304 1637 1336 tamen
1661 1298 1805 1344 calsycis

110 1347 295 1384 dentibus
314 1348 430 1394 longe
450 1351 487 1384 et
505 1351 670 1393 anguste
688 1347 1104 1383 subulam-attenuatis
1122 1347 1259 1384 differt.

685 1478 707 1533 ἓ
741 1480 782 1521 6.
819 1477 1225 1523 Fruticulosae.

160 1592 233 1635 46.
268 1590 318 1634 S.
343 1590 688 1635 Swainsoni
710 1590 827 1646 (Bth.
853 1590 952 1633 Lab.
980 1603 1019 1645 p.
1044 1591 1149 1645 535)
1184 1593 1270 1633 tota
1294 1591 1502 1644 adpresse
1539 1594 1582 1633 et
1616 1590 1805 1633 molliter

103 1650 584 1693 cinerascenti-cincrea
620 1650 711 1692 basi
753 1650 1033 1693 suffruticosa
1074 1650 1372 1694 ramosissima
1412 1649 1626 1703 cespitosa
1671 1649 1804 1692 ramis

102 1710 278 1764 pumilis
302 1709 540 1759 hei-baccis.
564 1709 676 1752 foliis
700 1710 848 1763 parvis
874 1709 1092 1763 rugulosis
1115 1710 1253 1753 ovatis
1282 1709 1437 1752 obtuse
1459 1709 1646 1751 crenatis
1676 1708 1803 1751 obtu-

102 1769 289 1811 sissimis
321 1768 603 1812 inferioribus
641 1769 684 1811 in
728 1769 934 1822 petiolum
973 1768 1152 1812 brevem
1189 1769 1422 1814 sttenuatis
1459 1768 1627 1810 caeteris
1671 1768 1805 1809 sessi-

98 1827 213 1870 libus
242 1828 681 1871 cuneato—rhombeis
718 1829 854 1871 acutis
887 1828 1053 1883 calyces
1093 1827 1402 1881 superantibus
1438 1830 1480 1869 et
1514 1825 1805 1880 aequantibu8‚

98 1886 420 1930 verticiilastris
459 1887 682 1930 4·2·ssoris
720 1888 766 1929 in
801 1899 996 1931 racemos
1033 1886 1241 1939 oblongos
1278 1886 1500 1929 interdum
1535 1886 1801 1928 laxiusculos

98 1946 428 2000 approximatis,
454 1947 611 2001 calycis
637 1946 876 1989 tomentelli
900 1947 1086 1989 obscure
1105 1945 1294 1988 biiabiati
1320 1946 1523 1988 dentibus
1547 1944 1801 1987 lanceolatis

99 2005 335 2059 spinulosis
360 2005 463 2048 tubo
487 2005 704 2060 subdupIO
732 2004 1023 2058 brevioribus,
1038 2004 1206 2047 corollae
1223 2016 1390 2047 carneae
1414 2004 1516 2047 tubo
1543 2003 1802 2046 subincluso

99 2063 211 2107 labio
252 2064 479 2118 superiore
513 2065 683 2108 hirsuto
716 2065 922 2107 inferiore
962 2064 1092 2118 dupio
1128 2064 1321 2117 longiore
1353 2069 1414 2112 36.
1457 2064 1513 2106 Ic.
1539 2062 1706 2106 Visiani
1740 2061 1802 2103 Ill.

100 2122 183 2165 tab.
208 2123 232 2165 3
279 2148 330 2154 —-
357 2124 566 2167 Prasium
592 2123 817 2166 hirsutum
837 2124 952 2166 Poir.
974 2123 1089 2166 Dict.
1119 2124 1259 2171 5.61-1
1287 2134 1341 2165 ex
1365 2126 1502 2176 parte.

151 2196 253 2233 Hab.
269 2198 308 2233 in
330 2198 484 2234 fissuris
499 2199 655 2245 rupium
669 2198 853 2234 Parnassi
868 2208 988 2244 supra
1006 2197 1194 2234 Rachova
1207 2200 1244 2234 et
1257 2197 1433 2244 Delphos
1447 2196 1593 2233 4-5000·
1608 2195 1804 2240 (Swains.,

105 2244 251 2291 Sprunl
273 2245 407 2282 Heldr.
426 2246 545 2281 Hei-b.
564 2246 697 2282 Norm.
713 2245 780 2282 901
800 2245 940 2281 Guiccl
958 2244 1078 2292 Orph.
1097 2245 1153 2281 Fi.
1176 2245 1241 2281 Gr.
1261 2255 1340 2280 exs.
1358 2244 1479 2290 4361).

159 2312 202 2366 β.
232 2311 471 2366 Scyronica
501 2337 551 2344 -
580 2313 712 2366 Magis
751 2313 932 2363 sericea,
967 2313 1075 2355 rami
1109 2313 1363 2364 abbreviati,
1390 2312 1497 2368 ¹folia
1536 2311 1718 2353 minora.
1748 2334 1804 2340 —-

104 2371 145 2414 S.
166 2370 408 2425 Scyronica
430 2372 571 2415 Boiss.
603 2372 754 2427 Diagn.
783 2371 880 2414 Ser.
909 2373 943 2425 Ι,
973 2371 1020 2421 V,
1045 2385 1084 2427 p.
1114 2371 1184 2415 31.

151 2447 252 2483 Halo.
268 2447 317 2483 ad
334 2457 450 2494 rupes
468 2447 609 2484 Isthmi
626 2447 864 2484 Corinthiaci
883 2447 932 2484 ad
951 2447 1162 2484 Kakiscala
1183 2450 1219 2484 et
1240 2447 1406 2484 Lutraki
1435 2449 1471 2483 et
1496 2447 1546 2482 ad
1571 2445 1805 2491 Scyronides

104 2496 237 2577 ἣείῐὲεςιὲ
253 2494 578 2587 ἓῇέἷῖἕᾙεὴἀΐῐ
607 2496 726 2543 Orph.
754 2495 811 2531 Fl.
835 2496 900 2532 Gr.
920 2506 998 2531 exs.
1017 2496 1136 2542 4381),
1170 2495 1302 2531 insula
1332 2494 1587 2541 Cephallenia
1613 2492 1801 2537 (Heldr!),

168 2627 206 2668 γ.
231 2606 451 2660 Argolica.
482 2633 534 2640 —-
560 2609 808 2661 Virescens‚
827 2609 1131 2652 indumentum
1157 2609 1332 2664 parcius
1355 2609 1498 2651 minus
1527 2607 1802 2660 adpressum,

99 2665 195 2709 folia
218 2667 455 2720 rugosiora.
487 2693 538 2699 —
563 2667 605 2710 S.
635 2667 846 2722 Argolica
869 2667 1005 2711 Boiss.
1032 2669 1188 2722 Diagn.
1220 2668 1312 2711 Ser.
1338 2668 1368 2720 1,
1398 2669 1462 2720 1⁰2,
1490 2681 1528 2722 p.
1553 2668 1623 2708 83.

153 2741 254 2776 Hah.
283 2742 321 2776 in
345 2743 510 2789 rupibus
536 2743 797 2791 Peloponnesi
826 2743 876 2779 ad
902 2743 1116 2790 Naupliam
1149 2745 1187 2780 et
1214 2742 1306 2779 Port
1327 2742 1456 2779 Tolon
1481 2742 1640 2788 (Sprunl
1669 2740 1803 2776 Boissl

106 2787 249 2824 Heldrl
272 2788 427 2836 Orph!)‚
445 2792 485 2826 in
506 2791 638 2827 insula
661 2791 798 2837 Hydra
819 2790 961 2834 (Heldr
974 2793 1011 2836 1).

147 2852 263 2887 Rami
289 2851 587 2899 4-ss-pollicares‚
617 2854 713 2890 folia
734 2854 823 2890 5-10
840 2854 964 2889 lineas
985 2853 1118 2900 longa,
1145 2854 1261 2900 calyx
1281 2855 1303 2889 4
1321 2854 1448 2890 lineas
1467 2854 1622 2898 longus.
1650 2850 1804 2897 Species

103 2899 221 2934 ramis
243 2899 497 2946 abbreviatis,
527 2901 632 2937 foliis
660 2902 792 2948 parvis
822 2911 898 2937 non
924 2901 1094 2937 cordatis
1120 2903 1265 2948 saepius
1292 2903 1458 2948 rugosis,
1489 2900 1634 2936 corolla
1651 2901 1807 2942 carnea,

102 2946 527 3031 effffissggassnggfffggssss?
545 2949 739 2995 distincta,
761 2949 955 2986 mediante
975 2959 1056 2985 var.
1077 2949 1100 2996 β
1119 2951 1230 2996 cujus
1251 2949 1524 2985 indumentum
1545 2948 1734 2983 sericeum
1755 2945 1808 2983 ad
