2100 3262
316 234 386 272 850
1007 242 1318 269 PLUMBAGINEAE.
1687 232 2005 272 Acantholimon.

318 316 428 358 viter
452 312 754 366 pedunculatis
777 313 872 356 laxe
906 315 1275 368 5-10-spiculatis‚
1297 313 1486 357 rachidis
1511 314 1638 357 valde
1674 315 1878 358 nexuosae
1906 319 2008 361 arti-

315 374 423 416 culis
442 373 568 416 etiam
594 372 872 415 inferioribus
896 373 1063 427 spicula
1084 373 1268 417 uniflora
1287 373 1579 426 brevioribus,
1597 374 1770 418 bractea
1793 376 2008 421 exteriore

313 431 672 483 albo-marginata
694 431 1208 484 triangulari-lanceolata
1233 433 1465 476 interiores
1489 435 1646 486 praeter
1669 433 1848 476 dorsum
1875 434 2008 488 hyali-

313 504 390 535 nas
425 491 603 532 obtusas
640 490 907 533 submuticas
945 491 1252 545 subaequante‚
1296 492 1455 545 calycis
1496 491 1601 535 tubo
1639 491 1786 545 glabro
1824 493 2007 538 bracteis

312 550 556 603 aequilongo
584 548 714 590 limbo
741 549 862 592 brevi
889 552 1061 603 patente
1087 550 1193 593 lobis
1216 552 1240 592 5
1261 550 1680 604 triangulari-ovans
1706 551 1843 594 acutis
1862 553 2007 597 nervis

311 609 459 650 rubris
487 607 714 662 puberulis
736 609 782 651 in
806 621 1054 650 mucronem
1079 609 1303 662 productis
1322 615 1359 658 5.
1385 609 1435 651 A.
1453 608 1842 662 trayacan-minum
1866 610 2003 654 Boiss.

311 668 465 721 Diagn.
498 669 536 719 7,
564 680 605 721 p.
636 668 703 709 81.
727 693 785 699 —-
809 667 967 710 Statice
992 667 1171 720 Spaclziz'
1203 667 1362 710 Girard
1393 668 1505 710 Ann.
1541 668 1636 712 Ser.
1672 669 1714 716 3,
1746 670 1829 711 vol.
1860 668 1891 717 Ι,
1922 671 2005 712 332

311 739 363 770 ex
388 731 523 782 parte.

356 802 457 837 Hab.
486 803 527 837 in
553 802 687 838 Persia
715 801 866 837 boreali
896 802 1016 838 occid.
1046 803 1094 838 ad
1122 803 1254 838 lacum
1285 802 1451 839 Urmiah
1481 802 1740 847 (Α11011.5239
1768 813 1818 839 ex
1848 805 2004 850 parmi),

309 849 411 884 inter
435 850 750 885 Chorrumdereh
770 851 808 884 et
825 849 1031 885 Sultanieh
1049 850 1198 896 (Egel).

356 913 489 959 Spinae
511 914 576 949 1-1
591 912 874 960 ¹l2-pollicares‚
893 914 1012 959 spicae
1031 914 1094 949 1-1
1110 913 1397 960 'la-pollicareS,
1416 913 1533 960 calyx
1551 913 1576 949 5
1592 913 1717 949 lineas
1734 913 1888 960 longus.

367 1029 435 1070 64.
469 1029 530 1070 A.
547 1028 830 1083 Scorpius
847 1029 1009 1075 (Boiss.
1032 1029 1186 1082 Diagn.
1208 1029 1299 1071 Ser.
1317 1030 1349 1080 l,
1367 1030 1405 1077 7,
1429 1042 1468 1082 p.
1488 1029 1565 1084 81)
1580 1029 1778 1083 glaucum
1798 1030 2005 1074 dumoso·

308 1088 561 1130 fruticosum
600 1089 732 1130 ramis
769 1089 995 1142 elongatis,
1031 1088 1143 1130 foliis
1178 1088 1428 1130 vernalibus
1466 1087 1711 1140 carnosulis
1746 1088 2004 1132 lanceolato-

305 1147 489 1199 trigonis
515 1148 709 1199 margine
742 1147 907 1189 scabris
932 1147 1105 1189 demum
1146 1147 1342 1190 recurvis
1370 1149 1417 1189 et
1453 1147 1664 1197 (1001111113,
1693 1147 1831 1199 spinis
1867 1148 2003 1201 longis

306 1205 462 1248 validis
489 1205 578 1248 basi
598 1205 758 1258 glabris
778 1209 820 1247 et
844 1206 1039 1249 breviter
1060 1206 1416 1255 membranaceis,
1440 1207 1581 1260 scapis
1604 1206 1703 1248 folio
1727 1205 2002 1250 brevioribus

305 1266 372 1307 vel
397 1264 652 1318 aequilongis
682 1265 983 1318 2-5-stachyis‚
1010 1265 1141 1318 spicis
1165 1264 1444 1307 densiuscule
1478 1264 1838 1320 plurispiculatis,
1860 1266 2000 1308 rachi-

305 1324 371 1366 dis
396 1324 590 1366 articulis
626 1322 912 1375 brevissimis,
953 1325 1124 1366 bractea
1155 1325 1371 1367 exteriore
1405 1325 1705 1366 mucronulata
1734 1326 1802 1367 vel
1829 1326 2002 1377 mutica,

306 1381 592 1425 interioribus
631 1383 763 1436 dupio
804 1383 1071 1436 longioribus
1109 1382 1509 1437 scarioso-hyalinis
1542 1382 1710 1426 obtusis
1737 1385 1804 1426 vcl
1837 1384 1999 1427 retusis

303 1442 477 1484 muticis
504 1442 572 1484 vel
603 1442 931 1493 mucronulatis‚
956 1442 1113 1496 calycis
1145 1442 1330 1485 bracteis
1356 1441 1672 1495 subaequilongi
1702 1443 1806 1485 tubo
1833 1443 2001 1496 glabro,

306 1500 436 1543 limbo
465 1501 579 1544 inter
600 1502 624 1542 5
663 1501 783 1543 lobes
814 1506 964 1544 ovatos
997 1503 1324 1544 mucronulatos
1357 1503 1557 1544 truncato
1579 1507 1617 1548 5.
1640 1501 1699 1544 St.
1725 1501 1933 1554 Scorpius
1958 1505 2001 1544 et

306 1558 520 1611 Saserox
544 1559 671 1601 Jaub.
692 1563 736 1601 et
763 1559 833 1613 Sp.
859 1561 934 1602 loc.
965 1561 1032 1602 cit.
1057 1574 1097 1614 p.
1124 1562 1220 1602 255.
1241 1584 1291 1590 —
1314 1559 1373 1601 St.
1398 1559 1577 1611 Spacliz'i
1600 1559 1759 1603 Girard
1785 1573 1837 1602 ex
1862 1566 1999 1615 parte.

350 1635 452 1671 Hab.
473 1635 521 1670 ad
538 1635 677 1670 Sinum
695 1635 897 1671 Persicum
921 1636 1063 1680 (Auch.
1081 1635 1176 1671 5239
1197 1646 1242 1673 ex
1267 1635 1410 1682 parte),
1427 1644 1550 1681 prope
1565 1634 1738 1670 Kerman
1759 1635 1906 1682 (Bgel).

359 1700 401 1754 β.
431 1700 774 1742 leucacantham.
799 1724 855 1731 —
879 1701 993 1743 Folia
1030 1701 1220 1744 vernalia
1257 1699 1548 1753 subrigidiora
1577 1712 1660 1742 non
1694 1712 1893 1752 recurva,
1919 1700 2001 1754 spi-

302 1762 411 1803 culae
438 1760 567 1813 paulo
586 1759 731 1801 minus
750 1759 967 1810 ronferlae,
994 1760 1151 1813 calycis
1175 1760 1307 1802 tubus
1332 1758 1594 1812 hispidulus.
1619 1783 1674 1789 ——
1698 1758 1757 1801 St.
1776 1759 2000 1801 leucacan-

299 1818 373 1861 tha
398 1819 436 1861 J.
460 1822 503 1861 et
530 1817 601 1872 Sp.
630 1819 706 1860 loc.
726 1819 795 1860 cit.
826 1841 882 1849 —
910 1819 959 1860 A.
987 1818 1320 1860 leucacantham
1348 1817 1485 1860 Boiss.
1510 1818 1587 1861 loc,
1614 1819 1682 1861 cit.
1712 1832 1755 1872 p.
1787 1817 1856 1860 81.

345 1893 525 1986 Ηὲὼ.)11(1
556 1893 697 1928 Sinum
727 1893 926 1928 Persicum
957 1893 1101 1938 (Auch.
1129 1892 1240 1928 5239!
1275 1903 1322 1928 ex
1357 1893 1495 1938 parte),
1524 1902 1648 1939 prope
1674 1892 1845 1939 Ispahan
1874 1891 1998 1937 (Bode

298 1951 347 1977 eX
405 1951 450 1976 ’ΥΘ
475 1968 483 1976 .

355 1970 698 2066 7.ζῗ111001ηρίιιη1.
726 2029 778 2035 —-
803 2005 919 2047 Folia
944 2006 1134 2047 vernalia
1164 2009 1209 2048 ut
1235 2006 1278 2047 in
1300 2005 1437 2047 forma
1463 2004 1604 2058 typica
1629 2004 1841 2055 flexuosa,
1865 2003 1995 2058 spicae

298 2065 536 2108 laxiuscule
577 2063 799 2118 spiculatae
841 2065 1026 2106 rachidis
1071 2064 1266 2107 arliculis
1309 2063 1606 2112 brevissimis,
1662 2063 1818 2116 calycis
1862 2061 1996 2105 tubus

299 2126 462 2178 glaber,
485 2124 643 2166 limbus
663 2124 856 2166 obsolete
873 2124 1194 2177 quinquelobus
1212 2123 1414 2166 muticus.
1429 2145 1488 2154 —
1504 2122 1553 2164 A.
1572 2122 1839 2174 incomptam
1860 2121 1996 2163 Boiss.

297 2188 339 2227 et
364 2183 507 2225 Bulise
529 2182 650 2225 Aufz.
677 2195 720 2236 p.
752 2183 847 2224 183.

344 2259 446 2294 Hab.
472 2259 513 2293 in
539 2257 786 2304 rupestribus
808 2257 898 2303 pagi
918 2257 1009 2292 Taft
1028 2267 1149 2305 prope
1172 2256 1279 2292 Yezd
1299 2257 1503 2303 (Buhsel)‚
1531 2266 1654 2303 prope
1684 2254 1993 2291 Kermanschahi

298 2307 399 2341 inter
417 2305 520 2340 Yezd
540 2308 577 2340 et
595 2306 768 2341 Kerman
787 2304 938 2349 (Egel).

344 2369 436 2414 Ipso
455 2368 652 2405 indicante
672 2368 838 2402 amiciss.
859 2367 957 2411 (Bge
979 2367 1003 2402 l.
1021 2368 1083 2402 cit.
1102 2378 1137 2414 p.
1159 2366 1224 2412 62)
1245 2368 1397 2413 species
1418 2370 1546 2402 ternas
1568 2368 1817 2401 enumeratas
1839 2365 1996 2400 unicam

297 2417 535 2451 constituere
554 2425 766 2462 persuasus
784 2424 872 2449 sum
891 2414 1011 2448 ramis
1027 2414 1221 2460 elongatis
1236 2414 1372 2459 rigidis
1389 2415 1478 2449 laxe
1493 2413 1624 2449 valide
1642 2417 1679 2449 et
1692 2412 1807 2458 longe
1823 2410 1993 2458 spinosis

298 2464 494 2508 insignem
514 2464 552 2497 et
569 2462 618 2497 ab
639 2462 684 2497 A.
705 2461 1014 2507 trayacamhz'no
1037 2462 1098 2496 cui
1121 2465 1304 2496 caeterum
1328 2461 1441 2496 valde
1468 2461 1596 2496 affinis
1615 2460 1734 2507 spicis
1752 2459 1841 2505 plus
1862 2459 1992 2493 minus

294 2509 426 2545 densis
445 2511 481 2544 et
500 2509 654 2544 bractea
674 2509 858 2544 inferiore
876 2508 999 2543 multo
1021 2508 1200 2544 breviore
1219 2509 1454 2543 distinctam.

352 2627 419 2667 65.
456 2625 514 2668 A.
539 2624 795 2668 Stocksii
833 2625 988 2677 (BoisS.
1016 2625 1167 2677 Diagn.
1203 2625 1296 2667 Ser.
1332 2624 1385 2675 11,
1422 2626 1464 2676 4,
1498 2637 1536 2678 p.
1569 2623 1641 2677 63)
1668 2623 1867 2677 glaucum
1903 2622 1990 2676 gla-

292 2686 416 2727 brum
445 2684 699 2726 fruticosum
725 2684 854 2727 ramis
882 2685 1008 2726 etiam
1036 2689 1157 2736 parte
1191 2684 1423 2727 liornotina
1452 2683 1680 2736 elongatis,
1716 2682 1827 2724 foliis
1857 2680 1990 2725 omni-

293 2745 374 2786 bus
412 2743 562 2796 rigidis
599 2746 640 2784 et
676 2743 864 2796 spinosis
904 2743 1225 2796 erecto—patulis
1265 2743 1483 2796 primariis
1527 2742 1663 2784 multo
1711 2741 1991 2783 brevioribus

290 2803 459 2845 caeteris
484 2802 713 2854 elongatim
743 2802 932 2856 spinosis
958 2802 1172 2844 subulalis
1199 2801 1693 2854 lereti-subcompressis
1716 2800 1988 2841 brevissimis

291 2861 382 2903 basi
412 2863 494 2904 late
522 2860 1174 2913 membranaceo-vaginantibus
1200 2861 1413 2907 ciliolatis,
1438 2860 1579 2912 scapis
1607 2859 1703 2900 folia
1733 2859 1989 2910 3011110111ιᾶ0-

292 2920 407 2963 tibus
433 2919 733 2971 2-3-stacl1yiS,
753 2919 882 2972 spicis
908 2920 1115 2962 brevibus
1140 2920 1232 2962 laxe
1258 2918 1594 2972 ssi-spiculatis,
1616 2917 1801 2959 racliidis
1832 2918 1988 2958 fluxuo-

299 2990 357 3020 sae
378 2979 572 3021 articulis
597 2977 762 3031 spicula
803 2978 988 3020 unissora
1025 2978 1314 3030 brevioribus,
1350 2978 1523 3020 bractea
1546 2976 1751 3018 inferiore
1778 2976 1882 3017 herb
1903 2977 1989 3017 ¹cea
