2100 3262
281 222 354 262 962
986 235 1254 262 SALSOLAGEAE.
1795 225 1952 263 Salsola
1960 253 1968 262 .

281 308 463 351 alternis
493 308 734 350 carnosulis
761 309 1043 362 cylindraceis
1064 308 1270 350 brevibus
1289 307 1474 357 obtusis,
1503 306 1728 348 floralibus
1752 307 1974 350 abbrevia-

284 368 339 409 tis
367 366 606 408 bracteolas
637 367 897 411 orbiculatas
925 366 1250 420 superantibus,
1279 365 1458 407 floribus
1485 366 1738 408 axillaribus
1772 367 1975 410 solitariis

286 425 610 468 reinotinsculis
635 424 828 468 breviter
848 425 1037 480 spicatis,
1055 424 1262 478 perigenii
1288 424 1495 466 fructiferi
1517 424 1675 477 phyllis
1693 428 1815 478 parte
1837 425 1973 468 libera

283 484 424 526 ¹evatis
468 484 653 535 obtusis,
689 486 768 527 alis
812 497 965 527 versus
1004 483 1193 526 medium
1232 483 1338 525 ortis
1381 482 1632 525 orbiculatis
1674 483 1741 525 vel
1780 484 1974 526 obovatis

285 543 542 596 explanatis,
578 543 856 586 antberarum
893 542 1128 596 appendice
1165 542 1356 584 obsoleta
1381 550 1414 589 5.
1438 540 1479 583 S.
1518 540 1647 582 coesia
1681 542 1726 583 F.
1759 545 1800 583 et
1837 542 1889 584 M.
1929 543 1973 584 in

285 602 446 644 Hellen.
480 601 666 655 Talyscb
700 603 852 645 Enum.
880 615 918 655 p.
948 602 1038 642 121.
1062 625 1111 630 —
1136 600 1176 642 S.
1204 600 1362 653 „Glauca
1389 600 1487 641 CA.
1517 601 1623 653 Mey.
1648 599 1800 642 Enum.
1826 614 1865 654 p.
1895 601 1976 642 160

285 672 366 702 non
399 660 509 700 MR.
533 685 590 690 —
613 658 660 702 S.
686 659 894 702 ericoia’es
917 672 1004 701 var.
1017 658 1234 710 folz'olosa
1257 659 1399 700 Fenzl.
1425 659 1466 700 in
1499 658 1595 700 Led.
1623 658 1697 710 III,
1722 672 1762 712 p.
1788 660 1886 701 813.

330 734 429 768 Hal).
456 735 495 769 in
521 735 842 780 argilloso—salsis
865 734 1180 769 Transcaucasiae
1199 734 1248 769 ad
1268 733 1420 769 Sallian
1441 735 1479 768 et
1499 734 1541 768 in
1563 733 1716 768 deserto
1740 733 1789 769 ad
1808 734 1976 769 fiuvium

283 779 368 816 Kur
391 781 510 823 (Hoh.
532 792 612 817 exs.
630 782 768 827 29181).

330 837 468 871 Affinis
488 837 525 873 S.
546 848 765 874 verrucosa&
793 837 947 872 differre
977 837 1133 872 videtur
1158 836 1354 882 glabritie,
1385 838 1534 872 statura
1559 836 1704 871 humili
1731 838 1768 871 et
1795 836 1977 881 inprimis

288 884 394 918 foliis
422 886 629 919 manifeste
657 885 910 920 crassioribus
936 883 977 928 (3
1003 883 1071 919 lin.
1098 885 1230 929 longis
1255 885 1295 927 ’βα
1318 884 1385 918 lin.
1409 884 1577 928 crassis),
1607 884 1725 929 spicae
1755 883 1978 929 paucissorae

285 930 470 977 laxiores,
490 932 604 967 flores
623 934 799 977 majores,
820 932 914 966 folia
936 931 1087 966 floralia
1109 931 1330 966 bracteolas
1351 930 1590 976 superantia.

344 1039 411 1079 026.
447 1038 498 1080 S.
529 1037 921 1080 vermiculata
947 1036 1012 1091 (L.
1036 1037 1106 1090 Sp.
1138 1050 1175 1090 p.
1208 1037 1313 1090 323)
1350 1037 1553 1078 fruticosa
1584 1036 1698 1090 pube
1735 1036 1829 1077 laevi
1855 1035 1977 1077 brevi

283 1097 528 1151 pubescens
557 1096 623 1138 vel
648 1108 894 1147 canescens,
919 1096 1051 1138 ramis
1075 1096 1410 1139 ascendentibus
1431 1095 1498 1137 vel
1523 1096 1678 1138 erectis
1703 1094 1978 1148 paniculntim

284 1159 326 1198 et
347 1157 497 1197 crebre
522 1156 767 1207 rainulosis,
794 1156 905 1197 foliis
931 1168 952 1195 a
986 1155 1076 1197 basi
1103 1155 1276 1197 dilatata
1309 1154 1720 1207 serniainplexicanli
1750 1153 1980 1196 tereti-fili-

284 1215 493 1257 formibus
532 1214 751 1263 brevibus,
795 1214 1019 1256 floralibus
1058 1215 1195 1257 ovatis
1241 1213 1458 1255 interdum
1504 1213 1695 1254 breviter
1740 1212 1979 1265 cuspiclatis

286 1274 598 1327 bracteolisque
623 1274 759 1316 ovatis
790 1272 1409 1325 membranaceo-marginatis,
1435 1271 1617 1313 floribus
1648 1271 1851 1312 solitariis
1876 1271 1980 1312 den-

285 1333 375 1376 sius
405 1334 468 1375 vel
500 1334 639 1374 laxius
663 1332 854 1385 spieatis,
881 1332 1089 1385 perigenii
1109 1332 1268 1386 phyllis
1291 1335 1412 1385 parte
1436 1331 1574 1372 libera
1598 1330 1980 1382 ovato-triangula-

284 1392 406 1434 ribus
435 1391 602 1433 obtusis
628 1391 751 1433 liirt1s
770 1391 1115 1443 conniventibus,
1137 1391 1216 1432 alis
1236 1391 1345 1432 infra
1368 1389 1556 1431 medium
1582 1390 1759 1430 insertis
1787 1388 1980 1430 obovatis

283 1451 521 1492 ‘imbricatis
549 1450 727 1504 patulis,
756 1451 948 1493 antherae
975 1450 1212 1502 appendice
1249 1449 1522 1502 punctit'ormi
1552 1454 1585 1496 5.
1626 1447 1666 1489 S.
1693 1445 1982 1500 microphylla

286 1514 328 1551 et
350 1510 391 1552 S.
412 1509 654 1561 flavescens
681 1509 777 1551 Cav.
808 1509 861 1550 lc.
889 1510 972 1551 tab.
1000 1510 1081 1550 0237
1102 1511 1144 1549 et
1165 1509 1263 1550 ⁶288.
1286 1532 1334 1537 —
1364 1506 1406 1548 S.
1436 1506 1671 1558 brem'folia
1694 1506 1813 1548 Desf.
1840 1505 1924 1547 Atl.
1951 1504 1982 1554 I,

287 1582 325 1622 p.
358 1571 454 1609 ⁴215.
482 1594 531 1598 —-
561 1568 603 1610 S.
636 1568 928 1620 slyriyentma
954 1567 1082 1610 Guss.

330 1642 430 1677 Hab.
454 1643 493 1676 in
517 1642 685 1688 rupibus
707 1642 917 1677 maritimis
935 1641 1076 1676 insulae
1098 1640 1223 1676 Melos
1245 1640 1497 1687 Archipelagi
1515 1640 1629 1684 (Urvt
1650 1639 1812 1686 OrphU.

331 1698 424 1733 Haec
458 1699 610 1745 specics
636 1699 684 1733 ab
709 1698 936 1733 auctoribus
964 1698 1003 1733 in
1027 1698 1170 1733 Bossia
1198 1697 1375 1740 australi,
1402 1696 1560 1739 regione
1585 1695 1805 1738 Caucasica,
1824 1693 1978 1738 Sibiria,

284 1745 409 1791 Syria,
434 1748 565 1781 Persi-[1
584 1746 789 1791 indicatur,
808 1746 875 1780 sed
894 1756 940 1780 ex
960 1746 1265 1780 commutatione
1284 1755 1370 1779 cum
1390 1743 1426 1780 S.
1446 1740 1620 1780 ἰανίσίφιᾶ
1636 1742 1700 1777 vel
1719 1742 1757 1778 S.
1776 1739 1920 1788 rigida.

331 1803 390 1837 Ar.
414 1803 546 1848 Geoqr.
568 1803 788 1847 Lusitania,
810 1801 1015 1848 Hispania,
1042 1801 1234 1846 Sardinia,
1254 1800 1401 1845 Sicilia,
1420 1800 1552 1835 Africa
1570 1798 1751 1833 borealis.

344 1904 412 1944 527.
447 1902 496 1944 S.
521 1902 774 1945 laricina
806 1902 932 1956 (Pali.
967 1900 1027 1943 lll.
1056 1914 1095 1954 p.
1131 1902 1201 1950 2³21,
1236 1901 1318 1943 tab.
1362 1899 1432 1953 13)
1467 1900 1742 1943 suffrutieosa
1770 1898 1984 1953 puberula

283 1961 560 2014 glabrescens
588 1962 650 2002 vel
682 1962 879 2004 villosula
914 1973 1105 2013 superne
1130 1961 1292 2013 glabra,
1320 1959 1517 2002 caulibus
1545 1971 1567 2000 e
1601 1962 1754 2000 trunco
1782 1958 1983 2000 indurato

284 2022 439 2062 erectis
467 2021 529 2062 vel
555 2021 891 2063 ascendentibus
915 2020 1091 2071 virgatis
1132 2019 1283 2072 rigidis
1318 2019 1441 2071 longe
1469 2016 1984 2071 paniculato-ramulosis‚

287 2080 397 2122 foliis
434 2080 770 2132 persistentibus
798 2079 1008 2131 elongatis
1037 2078 1429 2121 tilit'ormi-setaceis
1458 2077 1630 2119 muticis
1659 2088 1773 2129 saepe
1806 2076 1985 2117 fascicu-

287 2140 382 2180 latis
419 2139 592 2191 patulis,
632 2138 857 2181 floralibus
885 2138 1123 2180 bracteolas
1154 2137 1427 2190 aequantibus
1466 2136 1534 2178 vel
1572 2136 1642 2177 vix
1672 2134 1984 2188 superantibus

285 2198 674 2251 ovato-triquetris,
714 2198 897 2240 floribus
941 2196 1146 2238 solitariis
1191 2195 1510 2238 reinotiusculis
1553 2195 1678 2247 longe
1715 2198 1755 2236 et
1798 2193 1986 2235 tenuiter

286 2257 478 2310 spiratis.
516 2257 744 2299 bracteolis
784 2257 978 2299 carnosis
1027 2255 1364 2307 ovato-globosis
1408 2255 1537 2296 dorso
1583 2257 1734 2306 argute
1772 2252 1988 2302 carinatis,

289 2316 497 2369 perigenii
527 2316 735 2358 fructiferi
766 2315 923 2369 pbyllis
953 2318 1074 2369 parte
1110 2315 1244 2356 libera
1282 2313 1626 2365 ovato-oblongis
1661 2313 1779 2365 apice
1818 2311 1986 2353 obtusis

287 2376 425 2417 erosis
452 2376 491 2416 in
521 2386 673 2416 conum
699 2375 1047 2422 conniventibus,
1077 2374 1158 2415 alis
1187 2373 1295 2415 infra
1323 2372 1512 2413 inedium
1539 2372 1646 2413 ortis
1675 2369 1983 2413 renit'ormibus

288 2435 740 2486 ineurra-patentibus
763 2434 909 2483 fuscis,
935 2432 1128 2475 antherae
1152 2433 1388 2486 appendice
1410 2432 1684 2484 punctisormi
1705 2437 1740 2478 5.
1770 2429 1810 2472 S.
1832 2427 1986 2470 carmi-

287 2493 432 2534 cnlutn
458 2506 548 2534 var.
573 2492 764 2533 laricina
792 2493 899 2546 Moq.
926 2493 966 2534 in
986 2505 1070 2535 uc.
1096 2493 1247 2534 Prodr.
1278 2504 1319 2544 p.
1349 2491 1444 2532 18¹.

334 2567 434 2602 Hah.
458 2569 495 2602 in
519 2567 632 2602 salsis
656 2567 811 2602 Tauri-e
841 2578 961 2613 prope
986 2566 1119 2602 Sudak
1139 2566 1292 2611 (Stena),
1323 2574 1432 2610 prov.
1453 2564 1756 2599 Caucasiearum
1787 2562 1835 2597 ad
1860 2560 1987 2596 Kislar

285 2615 381 2659 (CA
416 2615 551 2660 Meg),
571 2615 845 2649 anoomaniae
865 2614 915 2649 ad
937 2615 1124 2660 Caspium
1145 2613 1322 2657 (ΚΠ-61.)

334 2671 490 2706 Pedalis
513 2673 550 2705 et
569 2669 865 2716 sesquipedalis,
886 2681 908 2704 a
923 2669 961 2706 S.
974 2667 1187 2706 verrucosa?
1205 2672 1241 2704 et
1255 2672 1546 2715 ‚qeimnaseerzte
1561 2666 1667 2702 foliis
1684 2663 1989 2712 persistentibus

284 2719 351 2753 3-(3
372 2719 495 2753 lineus
520 2718 658 2762 longis,
689 2717 833 2763 plantae
865 2717 987 2762 partis
1013 2717 1229 2764 superioris
1252 2716 1447 2761 glabritie,
1471 2725 1495 2750 a
1526 2714 1565 2751 S.
1591 2710 1852 2749 vermiculata*
1883 2711 1988 2747 foliis

286 2766 473 2800 tenuibus
493 2765 626 2800 statim
644 2764 931 2810 distinguenda.

334 2822 394 2856 Ar.
413 2823 545 2866 Geoqr.
573 2821 716 2856 Rossia
737 2820 1105 2867 austro-orientalis,
1125 2820 1271 2855 Sibiria
1289 2818 1490 2855 Uralensis
1508 2819 1545 2854 et
1567 2817 1728 2853 Altaica.

347 2921 414 2962 ⁹28.
450 2919 498 2962 S.
523 2918 721 2975 rigida
743 2918 872 2972 (Pali.
904 2918 967 2959 lll.
997 2932 1034 2972 p.
1060 2920 1127 2967 ΞΟ,
1148 2897 1231 2961 tab.
1258 2919 1326 2968 1⁶2)
1346 2917 1600 2959 fruticulosa
1627 2915 1723 2968 pitis
1749 2914 1985 2956 flavescen-

293 2981 407 3022 tibus
432 2979 513 3023 sub
539 2980 651 3022 lente
672 2978 996 3021 liorizontaliter
1015 2976 1529 3020 denticulato-rainulosis
1552 2975 1719 3017 hirsuta
1745 2976 1819 3016 aut
1838 2972 1990 3015 villosa
