2100 3262
320 223 392 259 804
1029 231 1340 258 PLUMBAGINEAE.
1863 232 2022 272 statice.

322 305 450 350 libus,
480 305 700 358 supremis
739 305 969 358 spiciferiS‚
998 306 1179 360 spiculis
1218 306 1505 351 subunissoris
1540 312 1746 355 tenuibus
1780 315 2027 366 cylindricis

320 364 452 406 rectis
478 365 544 406 vel
572 364 856 408 subincurvis
879 366 923 407 in
943 365 1084 418 spicas
1113 369 1267 408 tenues
1297 366 1578 411 unilaterales
1606 372 1672 413 vel
1711 371 1916 416 disticbas
1941 375 2030 421 laxe

316 423 556 477 dispositis.
593 424 779 466 bracteis
824 424 1029 468 carinatis
1069 428 1187 467 arcte‘
1226 424 1436 468 involutis
1477 433 1657 481 anguste
1695 433 2028 480 membranaceis

318 483 457 524 acutis
487 484 552 525 vel
580 483 866 526 acutIusculis
892 483 1100 525 interiore
1125 483 1371 538 quadruplo
1396 485 1601 539 longiore,
1627 490 1784 542 calycis
1809 491 1913 534 tubo
1939 493 2027 538 basi

316 541 492 586 birtulo.
518 543 648 585 limbo
678 543 781 586 tubo
801 544 872 585 vix
901 542 1101 584 breviore
1125 543 1233 585 lobis
1256 543 1452 597 oblongis
1478 547 1762 590 acutiusculis
1791 553 1846 595 26.
1876 550 1915 592 S.
1936 564 2028 593 cor-

316 601 420 642 dam
453 600 582 644 Guss.
608 602 667 644 Fl.
706 602 789 644 Sic.
822 603 972 645 Prodr.
1005 627 1058 631 -—-
1089 601 1222 643 Boiss.
1252 603 1293 643 in
1320 615 1400 645 00.
1439 604 1590 647 Prodr.
1621 620 1705 650 non
1735 607 1780 652 L.
1808 634 1861 638 -—
1890 610 2023 654 Rcbb.

318 658 466 702 Germ.
493 660 577 703 tab.
606 663 662 703 94
688 662 861 715 optima.
885 686 934 691 —
962 661 1015 702 Ic.
1046 661 1170 704 Bocc.
1203 660 1288 704 Sic.
1318 662 1400 703 tab.
1427 663 1494 705 34.

375 738 599 791 fimzajor.
626 764 681 769 -—
708 739 831 792 Scupi
860 739 1098 780 crassiores
1125 737 1346 789 elatiores,
1372 739 1547 793 spiculae
1571 753 1685 795 saepe
1710 743 1750 785 bi
1776 747 1818 786 et
1836 744 2027 797 triflorae,

312 798 471 851 calycis
511 798 670 841 limbus
699 799 872 841 demum
903 798 944 839 in
988 797 1107 839 lobos
1146 797 1359 851 profunde
1395 800 1596 853 partitus.
1628 824 1680 832 -—
1711 801 1752 844 S.
1782 802 2027 848 (Heleotoma

314 855 402 898 Sm.
432 857 588 899 Prodr.
614 861 656 899 et
679 858 787 901 Urv.
821 855 894 899 En.
925 870 1009 900 non
1039 856 1138 900 Cav.

317 931 529 1024 MHlab.({}i
551 932 761 1023 nripiitimis
781 931 944 967 Graeciae
977 942 1099 978 prope
1130 931 1260 967 Coron
1292 935 1330 967 et
1353 933 1482 978 Argos
1515 933 1640 977 (herb.
1663 935 1865 982 Fauchel)‚
1900 938 2027 974 insula

363 989 381 1014 θ
402 989 445 1014 OS
524 990 569 1015 l'V
607 1007 613 1014 .

364 1043 608 1089 Fragilitate.
632 1043 796 1089 spiculis
816 1043 1003 1078 tenuibus
1032 1053 1072 1078 111
1100 1043 1226 1088 spicas
1254 1043 1479 1088 pectinatim
1508 1043 1726 1090 dispositis,
1753 1047 1898 1092 calycis
1926 1048 2026 1084 lobis

316 1092 439 1126 acutis
463 1101 486 1125 a
505 1090 543 1127 S.
561 1090 731 1135 vab-‚qaue
752 1090 889 1126 formis
915 1100 1071 1136 semper
1090 1089 1378 1134 distinguenda.
1407 1089 1444 1125 S.
1474 1090 1646 1128 cordata
1670 1093 1713 1128 L.
1736 1103 1784 1128 ex
1809 1094 1854 1129 cl.
1875 1095 2026 1131 Visiuni

316 1138 356 1173 in
377 1137 489 1174 herb.
513 1137 627 1173 Linn.
648 1137 890 1184 inspectione
909 1140 966 1172 est
986 1138 1023 1173 S.
1044 1136 1248 1183 pubescens
1266 1139 1352 1172 Dc!

362 1204 424 1239 Ar.
446 1203 580 1248 Geoqr.
608 1203 753 1248 Sicilia⁷
775 1203 890 1239 Italia
909 1202 1107 1247 australis,
1128 1202 1337 1238 Dalmatia.

383 1316 446 1357 15.
482 1314 531 1357 S.
568 1313 730 1358 nuda
766 1314 927 1370 (Boiss.
959 1318 1000 1357 et
1040 1314 1184 1356 Bnbse
1220 1314 1341 1357 Aufz.
1383 1326 1420 1367 p.
1457 1313 1558 1361 184]
1592 1315 1754 1368 glabra.
1790 1317 2023 1362 rhizomate

318 1386 466 1417 crasso
501 1375 665 1426 lignoso
707 1374 949 1427 pluricanli.
991 1374 1101 1415 foliis
1142 1372 1402 1416 radicalibus
1435 1373 1518 1415 cito
1552 1374 1777 1417 exsiccatis
1805 1379 2019 1430 congestis

318 1433 788 1488 oblongo-spathulatis
803 1435 843 1475 in
864 1433 1067 1486 petiolum
1087 1433 1148 1474 eis
1165 1433 1398 1485 longiorem
1416 1433 1664 1476 attenuatis
1682 1434 1822 1487 scapis
1837 1436 2022 1479 tenuiter

317 1493 494 1545 virgatis
518 1505 538 1533 a
562 1492 650 1534 basi
674 1493 915 1536 dichotome
936 1492 1117 1534 ramosis
1139 1492 1268 1533 1311115
1289 1491 1569 1534 inferioribus
1589 1493 1824 1535 sterilibus.
1842 1495 2020 1548 spiculis

316 1550 430 1595 binis
447 1553 513 1593 vel
534 1553 671 1595 ternis
692 1553 910 1594 3-4—fl0ris
938 1553 980 1593 in
1009 1551 1150 1604 spicas
1169 1550 1423 1592 terminales
1443 1551 1783 1604 capituliformes
1803 1554 2020 1605 confertis,

316 1611 503 1654 bracteis
554 1611 900 1653 fuscescentibus
938 1610 1142 1653 coriaceis
1178 1609 1326 1663 pilosis
1366 1610 1446 1652 late
1489 1610 2020 1663 hyalino-membranaceis

315 1670 601 1712 inferioribus
638 1671 748 1713 binis
788 1671 978 1712 minimis
1017 1668 1305 1711 subrolundis
1340 1669 1548 1711 interiore
1586 1670 1831 1723 quadruplo
1863 1673 2020 1724 majore

316 1731 442 1772 ovata
471 1730 744 1784 cymbiformi
769 1730 939 1781 obtusa,
965 1729 1099 1782 paleis
1137 1728 1321 1783 hyalinis
1350 1728 1546 1770 obovatis
1574 1728 1706 1770 flores
1735 1731 2018 1783 aequantibus‚

316 1789 474 1841 calycis
503 1788 607 1830 tubo
638 1789 690 1831 ad
730 1793 872 1831 costas
898 1790 1022 1842 longe
1051 1787 1187 1841 piloso
1218 1787 1348 1828 limbo
1377 1791 1725 1843 purpurascente
1753 1788 1806 1830 ad
1834 1790 2018 1831 medinm

315 1848 358 1889 in
389 1847 507 1890 lobos
542 1852 694 1890 ovatos
729 1852 878 1891 acutos
913 1846 1264 1891 eroso-dentatos
1300 1846 1404 1889 fisso
1439 1850 1496 1892 25.
1541 1845 1580 1888 S.
1615 1845 1813 1888 Fischeri
1842 1848 2016 1891 Trautv.

317 1906 448 1960 Stirp.
475 1906 585 1950 Nov.
617 1920 657 1948 v.
688 1920 727 1961 p.
757 1907 830 1949 14!

362 1981 463 2015 Hab.
487 1982 527 2016 in
546 1981 808 2027 salsuginosis
829 1981 1083 2016 interioribus
1103 1980 1301 2015 Armeniae
1322 1980 1370 2014 ad
1388 1979 1633 2026 Alyndscha'i
1657 1978 1808 2023 (Radde
1821 1981 1860 2024 l).
1880 1980 2018 2016 Persiae

314 2027 362 2064 ad
400 2030 546 2063 fontem
585 2028 752 2064 Gendab
787 2037 908 2075 prope
946 2027 1142 2063 Radkann
1189 2028 1276 2073 jugi
1310 2026 1564 2062 Elbrusensis
1598 2029 1635 2062 et
1680 2037 1803 2073 prope
1838 2027 2020 2063 Kaschan

315 2074 513 2120 (Buhsel).
542 2076 695 2111 Persice
715 2075 1034 2112 Sebastarusson.

362 2140 478 2186 Scapi
503 2140 818 2186 1-11s2-peda1es,
849 2140 1022 2186 capitula
1049 2140 1272 2175 terminalia
1304 2150 1432 2185 magn.
1455 2139 1661 2174 avellanae.
1690 2139 1818 2185 Calyx
1845 2140 1867 2175 4
1894 2140 2017 2175 lineas

312 2186 469 2231 longus,
496 2187 553 2222 Ex
575 2189 765 2223 affinitate
787 2188 825 2224 S.
842 2187 992 2224 tenellm
1013 2187 1159 2224 Turcz..
1179 2187 1275 2221 folia
1297 2188 1460 2232 majora,
1483 2187 1581 2221 rami
1608 2187 1831 2231 crassiores,
1859 2191 1927 2222 etc.
1963 2187 2017 2222 Ex

314 2236 486 2270 sectione
523 2234 796 2282 Plathgsmem'o
822 2236 948 2271 Boiss.
978 2236 1017 2270 in
1045 2244 1117 2270 D.c.
1152 2234 1299 2277 Prodr.,
1337 2245 1358 2268 a
1385 2233 1485 2269 Sect.
1515 2232 1697 2269 Lz'mom'o
1729 2233 2016 2270 characteribus

314 2291 395 2316 non
421 2285 482 2317 sat
508 2283 630 2317 firmis
657 2283 852 2318 distincta.

379 2390 443 2430 16.
478 2387 530 2431 S.
557 2389 810 2433 latifolia
835 2389 993 2444 (Smitb
1017 2390 1170 2431 Trans.
1198 2388 1320 2431 Linn.
1345 2388 1438 2430 Soc.
1479 2388 1608 2440 1791)
1627 2387 1740 2430 foliis
1763 2387 2013 2430 indumento

314 2448 437 2490 brevi
480 2448 650 2491 stellato
678 2449 868 2492 molliter
895 2448 1101 2491 velutinis
1138 2447 1293 2502 amplis
1332 2446 1738 2499 oblongo-ellipticis
1774 2445 1940 2488 obtusis
1971 2447 2013 2489 in

316 2507 526 2561 petiolum
553 2508 728 2560 longum
753 2507 1002 2552 attenuatis.
1023 2507 1162 2560 scapis
1186 2507 1309 2549 elatis
1334 2505 1783 2558 subtereti-angulatis
1802 2504 1854 2546 ad
1875 2505 2013 2547 diclio·

315 2567 471 2608 tomias
504 2566 697 2620 squamis
730 2566 1074 2621 triangularibus
1103 2567 1241 2608 acutis
1271 2565 1424 2608 obsitis
1452 2565 1493 2606 in
1533 2564 1772 2617 paniculam
1807 2563 2012 2617 amplissi—

314 2637 426 2668 mam
468 2625 648 2666 effusam
682 2625 954 2673 abeuntibus‚
992 2626 1123 2667 ramis
1157 2625 1382 2668 sterilibus
1416 2623 1566 2670 nullis,
1604 2623 1781 2678 spiculis
1816 2623 2011 2664 unissoris

316 2685 460 2725 rarius
490 2683 655 2726 bifloris
681 2684 1002 2727 remotiusculis
1037 2685 1076 2725 in
1116 2685 1256 2738 spicas
1291 2684 1408 2725 laxas
1444 2687 1598 2725 tenues
1625 2683 1837 2725 secundas
1863 2681 2011 2723 subre-

313 2755 473 2786 curvas
503 2743 745 2797 dispositis,
772 2744 958 2787 bracteis
985 2743 1096 2785 binis
1121 2743 1411 2786 exterioribus
1437 2741 1610 2784 omnino
1641 2741 1826 2795 byalinis
1851 2741 2010 2782 carina-

313 2802 369 2844 115
389 2802 607 2844 exteriore
632 2804 946 2845 mucronulata.
971 2802 1141 2843 bractea
1166 2802 1372 2844 interiore
1399 2799 1530 2853 duplo
1556 2801 1716 2853 maJ'ore
1738 2801 1822 2841 imo
1847 2802 2009 2842 tantum

315 2861 446 2902 dorso
471 2860 682 2902 herbacea
709 2861 879 2915 liyalina
904 2861 1184 2905 obtusissima
1209 2872 1324 2914 saepe
1350 2860 1467 2902 fissa.
1495 2859 1651 2912 calycis
1683 2859 1787 2901 tubo
1813 2857 2009 2900 obconico

314 2919 436 2962 brevi
474 2920 623 2972 glabro
661 2920 725 2960 vel
763 2933 889 2974 parce
918 2920 1094 2969 bimulo,
1133 2919 1251 2961 limbi
1279 2919 1382 2961 tubo
1414 2917 1644 2972 aequilongi
1680 2918 1786 2959 lobis
1821 2917 2007 2970 quinque

314 2978 661 3032 triangularibus
683 2979 820 3022 acutis
848 2984 907 3027 26.
934 2979 985 3020 Ic.
1012 2978 1144 3020 Rchb.
1169 2977 1268 3020 Crit.
1291 2978 1360 3032 fig.
1382 2979 1479 3020 464.
1508 3000 1566 3008 -
1586 2976 1624 3019 S.
1643 2975 1837 3018 coriaria
1856 2973 2007 3017 Hoi‘fm.
