2100 3262
237 196 310 233 976
951 198 1229 226 SALSOLACEAE.
1710 192 1962 237 Haloeharis.

237 277 433 332 longiore
460 279 527 327 Θ,
575 274 666 328 Bge
700 273 784 316 tab.
818 272 851 324 Ι,
889 270 961 325 fig.
1002 272 1044 313 4.
1084 296 1140 302 —
1172 271 1440 315 Haloclearis
1478 273 1722 327 sulphurea
1761 277 1873 334 Moq.
1906 294 1960 325 ex

240 340 380 393 parte.

282 409 386 445 Hab.
405 409 446 443 in
468 407 648 443 arenosis
667 404 890 451 Affghaniae
912 410 1036 450 prope
1055 401 1270 450 Karabagh
1289 406 1326 440 et
1352 405 1374 440 J
1378 414 1471 451 omy
1493 404 1663 459 (Gi-iff.).‘

284 464 429 502 Planta
450 462 743 509 2-5-pollicaris
767 461 866 496 facie
891 460 1055 496 omnino
1077 459 1401 507 praecedentium.

543 615 929 666 flttltlocNEillS
964 614 1070 677 (CA.
1101 616 1202 677 Mcy.
1231 615 1290 662 Fl.
1321 615 1400 664 ΛΙῑ.
1425 615 1458 674 Ι,
1484 630 1522 678 p.
1545 616 1666 678 381).

297 753 450 795 Flores
495 748 841 805 hermaphroditi
884 747 1181 790 bibracteolati
1222 747 1266 789 in
1310 747 1453 791 axillis
1498 748 1694 791 solitarii.
1740 748 1960 802 Perigonii

239 811 389 866 phylla
417 810 595 854 enervia
620 808 752 863 quina
781 807 926 850 rarIus
949 807 1024 848 3-4
1052 806 1227 849 tandem
1250 806 1343 850 basi
1374 811 1656 850 excrescente
1680 809 1961 852 osseo-indu-

241 874 334 913 rata
366 869 649 912 coalescentia
690 880 777 910 non
810 866 1159 922 appendiculata.
1196 866 1464 909 Staminodia
1499 866 1631 910 nulla.
1670 866 1865 910 Stamina
1901 871 1961 911 tot

241 934 347 985 quot
383 929 531 983 phylla
565 927 671 971 disci
709 926 903 980 margine
939 926 1120 974 inserta,
1152 925 1345 968 antherae
1384 926 1963 981 vesicoso-appendiculatae.

241 988 352 1042 Styli
377 1001 505 1031 crura
526 987 721 1040 elongata
736 986 893 1029 obtusa
912 985 978 1028 vel
999 986 1377 1028 lacero-truncata.
1396 984 1618 1028 Radiculae
1637 998 1747 1039 apex
1769 998 1961 1040 superus

241 1051 487 1102 porrectus.
521 1071 576 1078 —-
613 1045 770 1088 Herbae
811 1056 968 1087 annuae
1005 1056 1199 1087 carnosae
1233 1056 1320 1086 non
1362 1044 1616 1093 articulatas,
1656 1045 1768 1087 foliis
1806 1049 1965 1098 praeter

241 1108 391 1150 infima
421 1106 603 1150 alternis
640 1106 685 1148 in
717 1104 943 1158 cuspidem
968 1104 1293 1157 cartilagineam
1319 1103 1483 1158 saepius
1509 1104 1738 1146 deciduam
1764 1104 1961 1148 abeunti-

243 1166 342 1209 bus,
374 1167 520 1210 Pubes
548 1165 711 1220 duplex
739 1165 876 1208 altera
913 1163 1013 1218 pilis
1044 1163 1258 1217 elongatis
1283 1163 1537 1216 articulatis,
1564 1164 1700 1207 altera
1729 1163 1829 1218 pilis
1867 1164 1965 1208 hre-

245 1226 374 1269 vibus
400 1228 616 1276 constans,
646 1223 869 1268 interdum
897 1223 1098 1266 evanida.
1727 1222 1730 1225 ⁴

307 1339 344 1380 1.
381 1337 443 1379 H.
474 1334 743 1380 Karelini
776 1333 913 1390 (Moq.
946 1335 972 1377 l.
1003 1334 1070 1377 cit.
1112 1347 1150 1388 p.
1187 1334 1287 1388 196)
1321 1346 1464 1377 annua
1500 1333 1765 1387 glaberrima
1800 1333 1966 1388 glauca·

243 1396 366 1441 caule
408 1396 573 1450 pumilo
615 1394 908 1438 crassiusculo
946 1408 967 1436 a
1009 1394 1119 1437 collo
1167 1392 1465 1436 ramosissimo
1508 1393 1642 1436 ranila
1684 1393 1879 1436 carnosis
1921 1393 1962 1435 in

242 1456 570 1510 hemispheram
593 1454 830 1508 dispositis,
861 1453 971 1496 foliis
989 1452 1179 1496 flaccidis
1200 1452 1292 1495 basi
1310 1453 1811 1507 semiamplexicaulibus
1836 1452 1964 1495 semi-

245 1514 637 1558 tereti-linearibus
671 1513 885 1567 elongatis
917 1513 1088 1556 obtusis
1123 1512 1402 1562 submuticis,
1437 1512 1664 1556 floralibus
1700 1512 1782 1554 late
1819 1514 1966 1555 ovato-

244 1574 591 1629 triangularibus
619 1573 758 1616 acutis
785 1572 868 1614 late
894 1572 1255 1622 membranaceis,
1291 1572 1477 1622 floribus
1514 1571 1558 1614 in
1592 1572 1797 1615 omnibus
1825 1570 1967 1613 axillis

245 1634 299 1676 ob
323 1633 570 1676 internodia
597 1632 861 1676 brev³ssima
890 1631 1220 1686 approximatis,
1260 1632 1492 1674 bracteolis
1532 1631 1631 1675 lolia
1664 1629 1828 1675 floralia
1862 1630 1965 1672 sub-

245 1693 558 1748 superautibus
581 1693 664 1734 late
683 1692 824 1734 ovatis
844 1692 1016 1734 obtusis
1039 1691 1132 1733 basi
1160 1691 1284 1733 valde
1305 1691 1494 1745 obliquis
1518 1694 1560 1734 et
1584 1691 1668 1734 late
1695 1690 1964 1744 marginatis,

245 1752 461 1808 perigonii
490 1752 650 1807 phyllis
675 1751 822 1806 quinis
860 1751 1109 1794 lanceolatis
1147 1763 1341 1805 superne
1376 1751 1616 1794 chartaceis
1651 1751 1778 1804 longe
1803 1749 1962 1791 acumi-

245 1812 358 1854 natis
378 1812 418 1854 in
440 1823 596 1854 conum
615 1814 848 1864 angustum
867 1810 1205 1853 conniventibus
1223 1811 1465 1854 bracteolas
1490 1811 1615 1864 longe
1634 1808 1962 1864 superantibus,

244 1871 348 1925 styli
368 1872 502 1914 ramis
517 1870 826 1913 crassiusculis
848 1869 1034 1920 obtusis,
1057 1870 1249 1912 antherae
1270 1869 1510 1923 appendice
1528 1869 1759 1914 subsessili
1779 1868 1960 1923 globosa

243 1930 396 1973 loculis
426 1931 562 1973 multo
589 1930 794 1973 breviore
823 1934 886 1981 Θ.
914 1929 971 1971 lc.
997 1929 1084 1983 Bge
1109 1930 1194 1971 tab.
1224 1930 1262 1979 2,
1284 1929 1355 1982 fig.
1381 1931 1420 1972 6.

292 2006 395 2041 Hah.
413 2006 454 2041 in
482 2006 600 2041 salsis
627 2005 772 2041 deserti
801 2004 1079 2041 Turkestaniae
1106 2005 1156 2041 ad
1178 2004 1455 2052 Kuwandarja
1473 2005 1665 2052 (Lehml),
1695 2004 1966 2041 Turcomania

245 2053 294 2089 ad
316 2053 504 2100 Caspium
523 2052 658 2098 (Karel
671 2054 710 2098 l).

291 2107 482 2144 plantula
507 2107 809 2154 2-5-pollicaris.
836 2107 993 2154 Species
1012 2106 1129 2143 valde
1147 2108 1276 2143 affinis
1304 2106 1353 2143 H.
1372 2107 1667 2156 sclerospermae
1686 2106 1786 2143 Pali.
1806 2106 1866 2143 Ill.
1885 2105 1964 2142 tab.

241 2155 288 2191 56
305 2155 348 2191 in
368 2155 516 2191 ditione
535 2165 614 2190 non
638 2155 770 2191 obviae
788 2157 827 2191 et
844 2155 1009 2191 floribus
1026 2155 1246 2202 3-4-meris,
1266 2155 1479 2191 bracteolis
1497 2156 1634 2200 acutis,
1652 2157 1733 2201 etc,
1753 2154 1963 2190 distinctae.

289 2221 351 2257 Ar.
371 2220 504 2266 Geogr.
531 2220 698 2256 Deserta
718 2220 1033 2266 Aralo-Caspica
1056 2222 1095 2255 et
1117 2219 1324 2266 Songaria.

305 2321 343 2362 2.
378 2321 443 2363 H.
471 2319 669 2376 pilosa
692 2319 825 2375 (Moq.
856 2321 931 2363 loc,
961 2320 1031 2363 cit.
1062 2333 1101 2374 p.
1133 2320 1237 2374 195)
1262 2332 1406 2362 annua
1429 2319 1544 2374 pube
1571 2318 1732 2373 duplici
1762 2319 1900 2372 pilosa
1922 2322 1965 2361 et

243 2391 493 2433 caiiescenS‚
521 2380 642 2423 caule
668 2394 690 2422 a
720 2380 810 2423 basi
845 2379 1114 2422 divaricatim
1144 2379 1444 2422 ramosissimo
1471 2379 1606 2421 ramis
1640 2379 1683 2420 in
1718 2378 1963 2432 hemisphe-

243 2452 335 2481 ram
359 2439 523 2493 saepius
544 2439 785 2494 dispositis,
805 2439 917 2481 foliis
934 2438 1178 2482 carnosulis
1197 2438 1646 2491 semitereti-trigonis
1669 2438 1713 2479 in
1737 2437 1962 2491 cuspidem

244 2498 567 2551 cartilagineam
593 2499 950 2553 subpungentem
986 2498 1213 2541 deciduam
1251 2497 1529 2548 abeuntibus
1556 2497 1785 2540 floralibus
1810 2496 1963 2538 abbre-

242 2558 387 2601 viatis.
423 2557 608 2600 floribus
641 2558 685 2600 in
718 2557 862 2600 axillis
896 2557 1203 2611 superioribus
1232 2557 1572 2608 remotiusculis,
1605 2555 1836 2599 bracteolis
1864 2555 1963 2598 folio

242 2616 386 2659 florali
437 2615 803 2660 subbrevioribus
853 2618 938 2659 late
980 2616 1380 2660 ovato-lanceolatis
1421 2617 1644 2670 perigonio
1683 2615 1962 2657 brevioribus

241 2677 337 2730 ejus
360 2676 454 2718 basi
480 2676 652 2719 adnatis
676 2680 717 2719 et
744 2688 841 2718 cum
870 2688 919 2719 eo
944 2675 1140 2718 deciduis
1176 2676 1221 2718 in
1253 2676 1477 2729 cuspidem
1514 2674 1809 2718 acutissimam
1848 2674 1961 2716 deci·

242 2735 372 2778 duam
414 2735 665 2788 attenuatis,
713 2735 926 2790 perigonii
971 2735 1184 2779 fructiferi
1225 2735 1318 2777 basi
1360 2735 1580 2777 rotundati
1619 2733 1757 2788 glabri
1801 2733 1964 2787 phyllis

241 2794 468 2850 quaternis
502 2795 752 2839 lanceolatis
781 2794 1292 2849 cuspidato-acuminatis
1317 2794 1437 2848 apice
1468 2795 1511 2836 in
1538 2806 1693 2837 conum
1728 2793 1962 2835 conniven-

238 2853 374 2905 tibus,
415 2854 516 2907 styli
543 2854 677 2897 ramis
704 2855 890 2904 obtusis,
925 2853 1121 2896 anthera}
1149 2854 1389 2909 appendice
1425 2856 1551 2896 rosea
1579 2853 1961 2908 stipitato-clavala

241 2913 397 2956 obtusa
422 2911 576 2956 loculis
605 2913 799 2967 longiore
826 2916 869 2956 et-
891 2913 1045 2956 latiore
1072 2917 1137 2965 O.
1175 2913 1229 2956 Ic.
1256 2913 1343 2967 Bge
1369 2916 1395 2955 t.
1422 2913 1453 2966 I,
1486 2913 1554 2967 fig.
1585 2913 1623 2954 7.
1642 2936 1699 2942 -
1727 2911 1777 2953 H.
1805 2910 1962 2953 villosa

239 2969 330 3026 Bge
354 2971 419 3014 Pl.
451 2971 597 3014 Lehm.
623 2985 663 3026 p.
689 2973 774 3015 999
800 2985 854 3016 ex
877 2975 1015 3028 parte.
