2100 3262
308 204 380 241 '740
1065 211 1260 237 LABIATAE.
1808 201 1988 249 stachys.

310 284 766 338 oblongo-linearibus,
794 280 1016 326 floralibus
1039 284 1181 338 calyce
1206 285 1340 327 inulto
1366 284 1652 333 brevioribus,
1678 284 1996 329 vei-ticillastris

310 345 594 387 subsexssoris
633 343 894 386 distantibus
943 343 1011 384 vel
1057 343 1359 395 superioribus
1402 343 1726 396 approximatis,
1769 343 1996 388 bracteolis

309 402 667 446 lineari-setaceis
693 402 914 445 brevibus.
940 401 1082 454 calyce
1105 402 1464 444 albo-tomentoso
1495 402 1697 444 dentibus
1723 402 1996 446 brevissimis

309 463 446 504 ovatis
470 462 764 505 acutiusculis.
789 461 978 502 florifero
1005 460 1422 513 oblongo-tubuloso‚
1448 460 1668 502 fructifero
1694 460 1842 502 inssato
1871 461 1996 504 valde

308 525 446 565 aucto,
469 521 638 562 corollae
667 531 898 575 purpureae
924 522 1050 561 extus
1074 519 1249 561 sericeae
1272 519 1375 561 tubo
1397 519 1566 561 incluso
1589 527 1627 568 5.

355 593 455 629 Hah.
483 594 522 628 in
546 595 725 630 cretaceis
750 593 1046 638 Mesopotamiae
1073 593 1113 628 in
1138 596 1269 641 monte
1287 593 1442 639 Sindjar
1461 595 1499 628 et
1525 593 1564 629 in
1588 594 1764 628 arenosis
1785 593 1956 629 Derbent
1982 596 1995 631 i

306 640 450 677 Basian
488 651 608 687 prope
645 641 887 677 Sulimanieh
922 640 1152 685 (Hausskl),
1189 640 1320 675 Persia
1356 640 1516 676 australi
1554 640 1605 675 ad
1637 640 1844 683 Tengnalli
1886 640 1990 678 7000’

307 687 535 733 (Hausskli
551 689 653 724 inter
671 691 819 733 segetes
838 698 956 733 prope
983 687 1138 722 Schiraz
1159 687 1250 732 (ΚΥ.
1272 687 1390 733 3591),
1412 687 1451 723 in
1472 686 1652 723 calcareis
1673 687 1830 723 collium
1852 687 1995 723 demis-

307 734 454 769 siorurn
487 736 607 770 totius
644 735 787 771 Persiae
821 735 958 770 mediae
985 736 1023 769 et
1048 734 1087 768 in
1116 735 1266 769 ambitu
1301 734 1442 770 deserti
1472 734 1605 779 magni
1637 734 1818 779 frequens
1847 734 1996 778 [Auchi

307 779 465 827 Bungel
493 785 580 828 etc.)
606 782 644 817 in
674 782 815 817 Persiae
842 781 923 816 bor.
951 791 1059 827 prov.
1090 780 1330 826 Aderbidjan
1353 781 1524 827 (Auchi)
1551 783 1682 817 monte
1708 781 1849 816 Elbrus
1877 791 1996 828 prope

306 827 489 864 Derbend
506 829 594 875 (Ky.
613 829 734 875 7491),
752 829 851 864 circa
868 828 970 863 Yezd
985 827 1184 874 (Buhsel),
1198 828 1237 863 in
1259 828 1432 864 Caucaso
1451 828 1534 867 loco
1552 839 1630 864 non
1648 828 1819 864 indicato
1837 828 1994 872 (Kowa-

306 874 507 921 lewskyl).

351 938 504 974 Pedalis
516 939 578 974 vel
590 938 850 984 semipedalis,
866 938 960 973 folia
976 937 1068 973 8-12
1084 938 1209 973 lineas
1224 938 1343 983 longa
1355 938 1420 975 3-4
1438 937 1530 977 lata,
1545 937 1660 983 calyx
1675 938 1818 973 florifer
1834 937 1857 972 6
1873 937 1996 974 lineas

305 985 478 1021 fructifer
504 986 528 1021 8
552 986 676 1039 lineas
702 985 844 1030 longus
874 986 897 1020 4
923 983 1223 1039 latus-Species
1249 985 1354 1021 foliis
1382 985 1601 1021 minoribus
1631 985 1924 1031 angustioribus
1959 987 1998 1021 et

305 1032 437 1078 calyce
455 1033 612 1068 tandem
632 1033 766 1067 intlato
785 1043 807 1067 a
829 1031 867 1069 S.
884 1029 999 1068 ηἱυεᾶ
1020 1031 1213 1068 distincta.

364 1131 432 1175 60.
467 1133 516 1175 S.
544 1132 871 1187 parvlflora
897 1132 1013 1180 (Bth.
1055 1133 1098 1175 in
1135 1143 1219 1177 nc.
1255 1133 1411 1176 Prodr.
1442 1133 1541 1183 XII,
1587 1146 1625 1186 p.
1657 1131 1763 1186 490)
1796 1131 1888 1173 basi
1924 1131 1996 1174 vix

305 1192 618 1235 sutfrutescens
655 1191 907 1246 plui-icaulis
944 1190 1077 1233 dense
1114 1190 1562 1242 subfloccoso-lanata‚
1604 1191 1800 1235 caulibus
1840 1191 1996 1238 erectis

307 1250 610 1293 crassiusculis
643 1263 665 1291 a
699 1250 789 1294 basi
816 1249 1011 1304 opposite
1048 1251 1368 1296 ramosissimis.
1400 1250 1512 1294 foliis
1548 1250 1776 1293 sessilibns
1806 1259 1996 1303 superne

305 1309 473 1352 linealis
499 1309 675 1362 integris
700 1308 980 1351 inferioribus
1004 1307 1407 1363 oblongo-ellipticis
1442 1310 1722 1353 acutiusculis
1760 1306 1997 1361 superiori-

305 1368 387 1410 bus
408 1372 450 1409 et
475 1366 699 1410 floralibus
730 1367 975 1411 lanceolatis
1013 1367 1149 1409 acutis
1181 1367 1297 1411 hisce
1330 1369 1475 1422 parvis
1508 1369 1638 1411 flores
1671 1365 1996 1422 superantibus,

303 1427 620 1469 verticillastris
645 1426 864 1468 zie-floris
891 1426 1210 1469 reinotiusculis
1233 1427 1500 1480 longiuscule
1527 1430 1569 1470 et
1602 1430 1783 1480 anguste
1807 1425 1997 1482 spumis,

301 1485 484 1528 floribus
513 1486 659 1538 parvis
692 1485 935 1530 sessilibuS.
963 1485 1192 1528 bracteolis
1220 1486 1363 1537 nullis,
1390 1486 1546 1540 calycis
1572 1486 1686 1529 orati
1716 1486 1849 1529 dense
1879 1482 1995 1530 albo-

302 1544 432 1587 lanati
458 1545 660 1587 dentibus
680 1544 1012 1587 conniventibus
1034 1544 1345 1586 lineari-ovatis
1365 1545 1535 1587 muticis
1553 1545 1655 1588 tubo
1678 1544 1805 1600 triplo
1823 1542 1994 1589 brevio-

301 1602 437 1651 ribus,
462 1603 631 1645 corollis
648 1602 801 1644 albidae
818 1603 996 1645 hirsutae
1014 1603 1151 1645 *limbo
1175 1603 1352 1646 minimo
1370 1604 1553 1657 calycem
1581 1604 1651 1645 vix
1671 1603 1903 1647 excedente
1937 1609 1997 1657 26,

347 1677 448 1714 Hah.
468 1678 507 1712 in
530 1677 703 1713 vallibus
722 1676 920 1713 sterilibus
939 1677 1048 1723 regni
1067 1677 1243 1714 Cabulici
1266 1678 1448 1714 centralis
1471 1678 1633 1724 (Griffl).

348 1741 512 1783 Pedalis,
542 1741 636 1777 tolia
666 1741 821 1776 caulina
852 1741 1161 1788 1·1¹l2·pollicem
1199 1742 1317 1788 longa
1345 1742 1409 1778 6-8
1440 1743 1563 1779 lineas
1598 1742 1690 1786 lata,
1719 1742 1922 1788 superiora
1955 1743 1994 1777 et

300 1789 489 1824 ramealia
516 1790 667 1824 minora
694 1790 732 1824 et
763 1789 999 1833 angustiora.
1027 1789 1135 1825 Inter
1159 1790 1293 1826 affines
1324 1789 1487 1827 floribus
1513 1789 1646 1837 parvis
1674 1789 1852 1835 insignis,
1882 1787 1996 1833 calyx

302 1836 325 1870 2
342 1836 466 1871 lineas
485 1837 548 1871 vix
569 1835 771 1879 excedens,
792 1835 938 1871 corolla
955 1837 1024 1871 vix
1041 1838 1204 1872 exserta.

359 1935 429 1978 61.
462 1935 513 1978 S.
541 1935 743 1978 affinis
770 1934 964 1990 (Fresen.
991 1934 1098 1978 Mus.
1136 1934 1349 1978 Senkenb.
1383 1948 1422 1990 p.
1446 1934 1521 1992 91)
1550 1935 1832 1978 suffriiticosa
1856 1946 1993 1977 ramo—

300 1993 469 2037 sissima
498 1994 705 2047 adpresse
729 1993 1132 2036 tonientoso-lanata
1161 2006 1394 2037 canescens
1416 1995 1483 2037 vel
1513 2008 1630 2046 cana,
1658 1994 1790 2036 ramis
1816 1993 1994 2047 virgatis

298 2052 505 2095 flexuosis
533 2065 647 2105 saepe
672 2052 919 2102 ramulosis‚
947 2053 1060 2095 foliis
1088 2052 1388 2106 subpetiolatis
1414 2054 1507 2097 basi
1534 2053 1768 2096 attenuatis
1796 2052 1995 2104 oblongis

299 2115 341 2154 et
371 2111 814 2165 oblongo-linearibus
846 2111 1014 2154 obtusis
1040 2112 1212 2154 muticis
1244 2114 1479 2165 rugulosis,
1507 2112 1730 2154 floralibus
1756 2111 1995 2162 angustatis

299 2171 440 2224 calyce
487 2170 860 2223 sublongioribus,
908 2171 1226 2214 verticillnstris
1274 2171 1438 2214 bifloris
1487 2171 1698 2215 distinctis
1742 2171 1995 2220 racemosiS,

299 2230 456 2283 calycis
484 2229 676 2272 breviter
710 2229 953 2283 pedicellati
988 2230 1228 2272 tomentelli
1254 2229 1764 2283 tuboloso-campanulati
1793 2229 1997 2271 dentibus

299 2288 639 2341 triangularibus
665 2288 1079 2331 carinam-nervosis
1112 2288 1249 2330 acutis
1276 2289 1448 2331 muticis
1483 2290 1586 2331 tubo
1615 2288 1745 2342 triplo
1783 2287 1994 2330 breviori-

299 2344 394 2397 buS‚
427 2348 598 2389 corolla}
623 2346 899 2400 pubescentis
923 2358 1088 2389 carneae
1112 2348 1215 2389 tubo
1250 2347 1418 2389 incluso
1441 2351 1478 2398 5.
1509 2347 1550 2390 S.
1580 2346 1816 2390 Orientalis
1842 2346 1994 2390 Forsk.

297 2405 367 2458 Eg.
392 2406 522 2447 Arab.
546 2407 602 2448 68
631 2418 712 2447 non
739 2405 770 2446 L
817 2429 870 2434 ——
894 2404 933 2448 S.
961 2405 1198 2447 Palaestina
1219 2405 1324 2448 Vabl
1362 2406 1508 2460 Symb.
1534 2407 1575 2457 2,
1615 2419 1656 2461 p.
1686 2406 1742 2448 64
1766 2417 1849 2448 non
1871 2405 1915 2446 L.
1940 2430 1994 2436 -

299 2463 338 2505 S.
362 2464 608 2516 paucvflora
630 2463 724 2505 Btli.
750 2465 849 2506 Lab.
877 2478 918 2518 p.
939 2465 1036 2505 560.
1055 2489 1111 2494 ——
1132 2463 1174 2506 S.
1198 2464 1463 2517 AEyyptiaca
1489 2466 1611 2507 Pers.
1635 2464 1737 2517 Syn.
1766 2465 1819 2510 Il,
1843 2477 1879 2518 p.
1908 2465 1993 2506 124

300 2522 371 2576 (ex
400 2524 634 2576 specimine
662 2523 781 2564 berb.
810 2522 974 2577 Jussl).

345 2595 441 2631 Hal).
472 2596 511 2630 in
538 2596 682 2631 Arabia
707 2596 842 2631 Petrea
868 2595 920 2630 ad
949 2595 1100 2631 radices
1120 2595 1229 2631 Sinai
1253 2595 1366 2640 (Ebrl
1393 2596 1517 2633 Bovel
1544 2596 1835 2646 Schimp21641,
1862 2596 1987 2632 Auch.

297 2642 405 2678 1793!
435 2643 592 2688 Boissl)
621 2644 659 2677 in
687 2643 847 2678 desertis
881 2642 1081 2678 Kahirinis
1112 2642 1257 2688 Egypti
1283 2643 1400 2687 (Ehrl
1429 2643 1501 2689 Ky.
1529 2644 1634 2687 4061)
1659 2644 1711 2679 ad
1742 2643 1924 2689 Mogheta
1955 2645 1992 2679 et

297 2690 422 2725 Ouadi
440 2690 523 2725 Hos
539 2690 680 2724 desei-ti
694 2688 1102 2736 AEgyptiaco-Arabici
1124 2689 1360 2733 (Schweinfl
1384 2691 1548 2726 Arabice
1566 2690 1782 2734 Gerrtum).

343 2755 482 2790 Affinis
503 2754 540 2790 S.
566 2754 778 2790 Palestinae
796 2765 819 2788 a
837 2756 913 2800 qua
927 2753 1057 2789 differt
1073 2754 1179 2789 foliis
1196 2754 1283 2789 basi
1301 2755 1513 2791 attenuatis
1532 2765 1601 2790 nec
1629 2753 1993 2801 amplexicaulibus,

296 2803 404 2849 apice
422 2802 644 2847 calycisque
667 2801 849 2836 dentibus
872 2800 1039 2845 muticis‚
1062 2800 1348 2837 verticillastris
1371 2802 1587 2848 saepissime
1609 2801 1768 2836 bissoris.

357 2900 424 2941 ΘΞ.
460 2899 512 2942 S.
538 2899 861 2943 Palaestina
884 2899 952 2954 (L.
971 2899 1042 2953 Sp.
1069 2899 1202 2954 1674)
1228 2900 1507 2943 suffruticosa
1531 2901 1826 2943 ramosissima
1851 2899 1991 2942 humi-

294 2956 363 3010 lis,
399 2959 531 3001 ramis
568 2957 866 3001 crassiusculis
891 2959 1228 3012 adpressissime
1264 2959 1382 3001 canis
1422 2958 1570 3013 rigidis
1608 2959 1877 3014 simplicibus
1917 2958 1987 3001 vel
