2100 3262
270 208 341 246 588
1020 214 1215 241 LABIATAE.
1727 205 1952 255 Zz'zyphora,

272 296 315 334 et
338 290 530 333 tenuiter
549 288 771 342 cylindrici
798 287 955 341 hispidi
980 286 1182 330 dentibus
1201 288 1542 341 triangularibus
1568 289 1838 331 brevissimis
1863 303 1953 336 con-

273 350 539 398 niventibus,
562 347 734 390 corollae
758 346 900 400 calyce
922 347 1053 400 duplo
1083 346 1286 399 longioris
1314 348 1415 390 tubo
1442 348 1701 390 subexserto
1719 348 1762 389 in
1784 348 1952 395 limbum

274 420 476 462 magnum
500 406 716 461 ampliato,
745 405 940 448 antlieris
962 405 1101 448 loculo
1125 405 1263 448 sterili
1286 405 1468 459 oblongo
1481 407 1680 461 'stipitato
1705 407 1955 460 appendicu-

275 468 374 510 latis
405 467 470 509 vel
511 478 597 508 non
635 464 993 520 appendiculatis,
1036 464 1308 507 staminodiis
1346 465 1457 506 binis
1497 465 1721 507 sterilibus
1759 465 1954 512 brevibus

276 538 391 580 saepe
416 525 556 569 obviis
579 529 643 575 Ε).
672 522 1015 566 Faldermannz'a
1057 522 1245 564 Taarz'ca
1290 523 1473 566 Trautv.
1506 547 1559 553 —
1592 523 1956 575 Dracocepleanmn

275 584 638 628 odoratissimum
669 583 784 626 Poir.
818 581 977 637 Suppl.
1016 581 1069 630 ΙΙ,
1097 594 1137 635 p.
1164 582 1262 623 5⁴21.
1291 606 1337 612 —
1370 581 1413 623 Z.
1442 582 1682 624 lanceolata
1707 583 1845 625 Boiss
1870 596 1952 628 exs.

324 650 425 686 Hah.
450 651 490 686 in
515 649 689 685 arenosis
714 648 848 694 Lydiae
880 648 920 682 in
951 647 1152 683 montibus
1180 657 1300 695 prope
1331 647 1542 693 Smyrnam
1572 648 1673 692 (Bal.
1705 648 1819 693 3891),
1849 660 1956 697 prope

275 697 427 734 Tralles
445 697 623 741 moissi),
641 697 681 731 in
700 695 862 742 planitie
880 694 928 730 ad
950 694 1267 741 Philadelphiam
1281 694 1433 739 (Boisst
1458 722 1469 740 ,
1487 695 1524 731 in
1542 695 1656 731 Catia
1669 695 1808 739 (Auch.
1824 696 1957 742 16351),

277 744 548 791 Paphlagonia
568 748 604 779 et
623 742 781 779 Galatia
800 741 972 786 (Wiedi),
1002 742 1246 789 Cappadocia
1262 741 1352 787 (ΚΥ.
1371 742 1503 789 Suppl.
1522 742 1591 778 262
1604 745 1632 788 l)
1665 746 1702 777 et
1730 742 1778 778 ad
1804 743 1957 782 Talasse

276 791 413 837 (Bali),
443 791 630 827 Armenia
657 789 821 826 australi
845 789 944 833 (Noe
969 788 1087 833 8611),
1112 789 1226 835 Syria
1251 789 1332 824 bor.
1358 793 1395 824 et
1419 790 1707 836 Mesopotamia
1735 789 1785 824 ad
1810 789 1900 825 Orsa
1927 795 1958 827 et

276 839 423 874 Aintab
436 837 658 883 (Hausskl)‚
676 836 820 872 Tauria
835 835 1079 872 meridionali
1097 836 1137 871 in
1155 837 1330 872 arenosis
1346 837 1553 872 maritimis
1569 839 1606 872 et
1620 836 1820 872 montibus
1838 837 1957 881 (Stevl

276 885 425 922 Rehm!
446 887 544 930 etc),
562 885 694 920 Persia
712 885 777 928 (ex
794 883 840 919 cl.
858 882 978 928 Bm).

325 941 428 976 Inter·
456 940 669 988 specimina
701 939 866 975 Taurica
895 949 942 975 ex
976 939 1111 975 eodem
1147 939 1232 974 loco
1267 943 1351 974 orta
1385 942 1422 974 et
1458 939 1661 975 simillima
1690 939 1768 974 alia
1796 940 1957 977 antheris

277 999 329 1035 ap
359 988 590 1024 endiculatis
615 986 695 1022 alia
712 987 882 1022 antheris
899 986 1049 1040 absque
1069 988 1179 1023 omni
1196 997 1244 1033 ap
1276 986 1408 1021 endice
1437 988 1596 1033 reperio,
1624 987 1707 1022 haec
1733 990 1824 1021 nota
1851 987 1959 1032 igitur

278 1046 332 1071 nu
353 1035 428 1071 lius
446 1035 645 1071 momenti.
667 1033 706 1069 Z.
731 1033 905 1069 Taurica
926 1033 1030 1069 foliis
1048 1036 1086 1069 et
1102 1033 1199 1069 facie
1253 1062 1259 1067 .
1275 1033 1445 1070 tenuiori
1460 1034 1665 1069 simillima
1682 1033 1732 1069 ab
1751 1036 1796 1069 ea
1813 1034 1958 1072 corollae

278 1082 438 1129 longius
459 1086 622 1118 exsert'ae
641 1080 765 1117 limbo
784 1080 907 1117 multo
927 1080 1072 1127 majore
1090 1080 1228 1116 differt.

339 1186 375 1226 7.
410 1184 460 1227 Z.
495 1181 854 1226 cleonioides
887 1183 1046 1237 (Boiss.
1074 1182 1225 1235 Diagn.
1250 1181 1344 1225 Ser.
1376 1181 1408 1232 I,
1434 1184 1473 1231 5,
1499 1195 1536 1235 p.
1565 1182 1633 1236 14)
1661 1194 1803 1225 annua
1827 1185 1959 1225 erecta

280 1244 465 1297 simplex
500 1242 567 1284 vel
602 1241 692 1284 basi
728 1253 908 1288 ramosa.
946 1241 1057 1285 foliis
1093 1245 1252 1296 praeter
1285 1242 1442 1295 pubem
1483 1241 1692 1283 minutam
1727 1239 1959 1282 scabridam

280 1304 406 1355 louge
426 1300 580 1344 ciliatis
602 1300 801 1343 nervosis
824 1301 1054 1343 sessilibus
1078 1315 1101 1343 a
1126 1300 1216 1342 basi
1240 1301 1472 1342 rotundata
1492 1300 1630 1342 ovatis
1658 1299 1813 1343 acutis.
1841 1299 1957 1341 flora·

280 1361 394 1403 libus
414 1359 706 1403 conformibus
731 1359 808 1401 sed
831 1359 1069 1414 majoribus
1091 1359 1416 1411 nervosissimis
1437 1359 1570 1400 dense
1592 1358 1827 1409 imbricatis
1847 1357 1958 1409 louge

279 1418 779 1463 attenuato-acuminatis
803 1429 916 1469 saepe
939 1419 1121 1462 rubellis
1149 1418 1315 1471 calyces
1343 1417 1675 1464 occultantibus.
1711 1417 1828 1471 spica
1853 1417 1959 1458 elon-

280 1479 377 1533 gata
402 1478 650 1522 densiflora.
676 1477 833 1531 calycis
860 1477 985 1531 louge
1019 1477 1213 1521 tubulosi
1240 1477 1501 1519 brevissime
1528 1475 1674 1519 liirtuli
1698 1475 1960 1529 glanduloso-

281 1538 476 1591 punctati
503 1536 707 1579 dentibus
737 1536 986 1579 lanceolatis
1010 1537 1219 1579 brevibus
1245 1535 1596 1585 conniventibus,
1633 1534 1804 1577 corollae
1838 1544 1960 1576 roseae

281 1597 426 1651 calyce
462 1596 594 1651 duplo
627 1595 834 1648 longioris
870 1595 1002 1638 limbo
1039 1596 1194 1650 amplo,
1229 1595 1422 1637 antberis
1460 1594 1596 1636 loculo
1625 1594 1761 1637 sterili
1791 1593 1960 1644 oblongo

281 1655 473 1708 stipitato
495 1653 856 1709 appendiculatis,
882 1654 1153 1697 staminodiis
1176 1653 1289 1696 binis
1314 1653 1539 1695 sterilibus
1567 1652 1773 1695 brevibus
1805 1656 1867 1702 Θ.

328 1721 429 1757 Hal).
449 1722 488 1756 in
510 1720 680 1757 collibus
698 1720 807 1756 siccis
823 1721 872 1756 ad
891 1720 1006 1757 basin
1024 1721 1168 1756 montis
1187 1720 1359 1766 Mesogis
1377 1730 1494 1766 supra
1512 1719 1652 1756 Sardes
1674 1719 1804 1764 (Boiss
1819 1721 1860 1764 ἲ).

327 1776 465 1812 Planta
486 1776 775 1823 4-9-pollicaris‚
795 1775 947 1822 calyces
964 1777 1033 1820 [ἒβη
1055 1776 1189 1815 lineas,
1213 1776 1369 1811 corollae
1391 1775 1460 1810 8-9
1480 1775 1619 1821 longae.
1641 1776 1778 1811 Affinis
1801 1774 1840 1810 Z.
1870 1774 1962 1810 Ταα-

283 1825 377 1860 ricn’
394 1823 523 1859 differt
540 1823 644 1859 foliis
666 1823 791 1859 ovatis
809 1823 895 1858 basi
920 1823 1150 1868 rotundatis,
1176 1823 1378 1859 floralibus
1405 1823 1427 1858 4
1455 1822 1577 1859 lineas
1606 1823 1683 1859 tere
1713 1822 1815 1866 latiS,
1844 1821 1962 1866 calyce

283 1874 319 1906 et
338 1871 484 1907 corolla
505 1870 761 1917 longioribus.
795 1870 948 1917 Species
968 1870 1270 1917 elegantissima.

859 2027 934 2069 ΤΒ.
968 2026 1038 2068 IV.
1075 2025 1417 2070 MONARDEAE.

286 2171 585 2219 Plintiwsim
614 2171 724 2231 (Kar.
754 2171 858 2218 Bull.
891 2170 1018 2231 lllosq.
1050 2169 1160 2218 1841
1195 2184 1232 2232 p.
1261 2168 1331 2217 45.
1373 2197 1426 2203 —-
1472 2169 1570 2231 Bge
1604 2169 1673 2216 Pl.
1716 2168 1888 2215 Lebm.
1926 2179 1962 2225 p.

351 2235 754 2362 ss{3.el¹⁵1,1⁴2‚bipa.t'1
763 2235 983 2358 (gersicae
1021 2249 1065 2297 p.
1093 2235 1170 2281 40.
1209 2261 1270 2269 —
1307 2235 1485 2282 Stocks
1518 2235 1572 2282 in
1605 2234 1761 2281 Boiss.
1798 2232 1961 2292 Diagn.

347 2433 480 2487 Calyx
521 2433 1068 2486 tubuloso-campenulatus
1104 2436 1336 2477 bilabiatus
1392 2434 1501 2475 labio
1540 2433 1767 2487 superiore
1812 2432 1963 2481 integro

290 2494 356 2535 vel
387 2492 723 2540 tridenticulato,
760 2492 963 2534 inferiore
1001 2492 1238 2543 bidentat0,
1268 2493 1462 2535 fructifer
1497 2494 1651 2534 auctus
1677 2495 1866 2544 apertus.
1896 2486 1962 2528 (¹20-

291 2552 396 2593 rolla
434 2552 537 2593 tubo
575 2550 859 2604 subampliato
902 2551 1159 2596 subexserto
1203 2552 1320 2594 intus
1358 2550 1588 2596 annulato,
1627 2549 1746 2591 limbi
1790 2544 1963 2603 patentis

291 2609 565 2652 subbilabiati
604 2609 762 2651 labium
808 2610 1013 2662 superius
1054 2611 1359 2665 quadrilobum
1402 2609 1510 2651 lobis
1546 2608 1868 2662 siibaequalibus
1908 2600 1962 2645 vel

291 2669 566 2719 intermediis
587 2669 715 2721 paulo
748 2667 988 2710 minoribus
1027 2674 1068 2711 ct
1103 2669 1354 2712 lateralibus
1391 2668 1581 2714 reflexis.
1610 2667 1766 2708 labium
1797 2663 1963 2707 inferius

292 2729 509 2778 integrum
539 2727 829 2768 rotundatum.
857 2726 1049 2768 Stamina
1077 2728 1231 2771 fertilia
1260 2729 1358 2769 bina
1382 2730 1553 2769 exserta
1586 2725 1866 2777 divergentia,
1890 2721 1964 2762 duo

294 2786 460 2827 sterilia
486 2785 660 2827 minima
680 2786 760 2827 sub
788 2785 894 2828 lobis
915 2785 1013 2826 labii
1037 2787 1282 2840 superioris
1302 2787 1477 2828 inserta.
1498 2785 1704 2828 Antberae
1722 2783 1963 2825 biloculares

294 2845 445 2886 loculis
483 2843 718 2885 linearibus
747 2844 978 2896 paralleliS,
1018 2846 1269 2887 connectivo
1295 2844 1491 2886 minimo.
1524 2844 1682 2886 Discus
1708 2840 1883 2896 aequalis
1908 2833 1963 2876 vel

294 2903 432 2945 aulice
456 2904 497 2945 iu
522 2902 770 2955 glauslulam
796 2906 992 2945 tumens.
1034 2903 1184 2957 Stylus
1220 2903 1379 2945 bifidus
1409 2903 1516 2945 lobis
1544 2902 1640 2945 latis
1678 2895 1959 2954 complanatis.

292 2960 473 3003 Nucula}
496 2962 710 3004 obovatae.
745 2985 797 2995 -
826 2961 980 3003 Herbae
1007 2974 1218 3017 perennes
1257 2962 1515 3014 diclioganiae
1542 2961 1688 3003 nabitu
1713 2951 1963 3001 Lac-andum
