2100 3262
288 244 362 281 202
1000 244 1281 272 BORRAGINEAE.
1793 232 1985 270 onosma.

342 324 441 359 Hah.
468 324 508 358 in
536 321 738 359 montibus
766 319 939 361 Graeciae,
963 317 1142 362 Taygeto
1170 318 1207 350 et
1233 314 1283 350 ad
1309 312 1581 361 Megaspileon
1607 312 1797 358 (Heldrn,
1821 312 1992 358 Kyllene

293 371 459 415 Malevo,
489 369 673 405 Citheron
699 366 872 412 (Oi-phi),
899 363 1138 400 Macedoniae
1164 363 1205 397 in
1226 364 1358 397 monte
1386 361 1542 397 Athone
1569 360 1776 405 (Grisehl),
1802 359 1992 405 Bithynia

289 418 495 462 (Grisebl).
516 415 700 451 Anatolia
726 413 877 448 boreali
908 410 1082 456 (Wiedl)‚
1104 409 1220 445 Caria
1246 409 1283 444 in
1307 408 1456 444 Cadmo
1484 407 1826 462 (Boissl).·Cilicia
1846 407 1937 451 (Bal
1948 409 1988 453 l),

291 465 477 499 Armenia
495 463 656 498 Turcica
674 461 843 504 (Uncti),
866 459 1012 494 Tauria
1031 458 1187 500 (Turczl
1208 455 1382 500 Rehml),
1399 455 1710 491 Transcaucasia
1728 454 1894 499 (Szovl).

351 530 386 571 ὂ.
423 526 717 578 brevz'folinm.
744 549 797 554 -
832 524 1141 566 indumentum
1177 520 1439 574 adpressum
1478 519 1763 573 praecedentis
1789 519 1865 563 sed
1893 520 1992 563 folia

289 586 449 628 brevia.
480 586 634 627 Forma
658 588 859 628 montana
885 582 1046 635 saepius
1070 580 1289 623 humilior.
1312 604 1370 608 —
1398 578 1441 621 O.
1472 577 1758 630 breo'ejfolium
1778 593 1803 621 D
1825 591 1860 621 c.
1886 578 1987 621 Mss.

339 661 394 695 Ha
404 661 437 695 b.
460 660 498 694 in
518 658 718 695 montibus
739 656 864 691 Caria³
882 655 1030 701 (Boissl
1046 653 1242 698 Pinardl),
1263 653 1392 698 Lyciae
1410 652 1607 697 (Bourgo,
1623 651 1781 688 Pisidiae
1802 652 1992 698 (Heldrl)‚

289 706 418 742 Tauro
439 706 597 741 Cilicico
617 704 749 747 (Bam,
767 704 878 749 Syria
898 705 938 738 in
958 702 1094 737 Cassio
1113 700 1290 746 (Boissl)‚
1310 699 1460 735 Libano
1479 699 1588 744 (ΒΗ).

351 791 377 815 ε.
413 773 613 812 erectum.
651 794 705 800 —
738 768 926 817 Humile,
962 767 1061 809 folia
1095 767 1279 819 angusta
1313 766 1508 818 margine
1544 764 1744 807 revoluta
1779 764 1992 820 adpresse

286 843 406 873 cana.
431 841 628 872 racemus
653 829 800 871 brevis
826 827 1010 881 simplex
1034 825 1101 868 vel
1130 824 1291 868 bifidus
1316 824 1413 878 pilis
1442 824 1665 879 adpressis
1690 828 1733 866 et
1763 824 1858 867 aliis
1885 824 1990 866 sub·

290 890 448 942 patulis
471 900 604 930 canus
626 891 668 930 et
692 888 789 942 plus
816 886 958 928 minus
986 886 1226 939 plumosus⁴
1246 882 1402 926 Forma
1423 884 1467 925 in
1489 883 1807 936 praecedentem
1826 884 1990 926 sensim

290 948 521 989 transiens.
539 970 597 977 -—
614 946 658 989 Ο.
683 948 869 988 ereetmn
893 945 954 987 Fl.
984 944 1119 986 Graec.
1150 942 1202 995 II,
1227 956 1266 997 p.
1291 944 1361 993 6⁶2,
1386 942 1470 985 tab.
1497 943 1579 984 173
1604 945 1646 984 et
1669 941 1712 984 Ο.
1732 944 1993 985 montanum

290 1005 443 1048 Prodr.
472 1005 506 1055 I,
535 1019 573 1059 p.
608 1006 698 1047 1⁶21.

341 1078 437 1113 Hab.
460 1080 499 1113 in
521 1078 647 1114 Cretae
677 1078 829 1113 saxosis
858 1077 1068 1112 maritimis
1097 1076 1147 1112 ad
1169 1075 1300 1120 Hagio
1318 1074 1474 1110 Rumeli
1502 1080 1539 1111 et
1565 1074 1607 1110 in
1628 1077 1761 1110 monte
1789 1074 1858 1110 Ida
1883 1074 1990 1111 5000‘

286 1125 446 1170 (Heldrl
462 1125 616 1170 Simu),
631 1126 759 1160 Attica
774 1126 814 1160 in
830 1124 1018 1170 Hymetto
1034 1124 1197 1170 <sprunl
1213 1123 1345 1158 Boiss!
1362 1122 1707 1169 Held1·!Orph.Fl.
1724 1123 1789 1158 Gr.
1806 1133 1885 1158 exs.
1899 1122 1988 1168 601).

335 1190 397 1224 Ar.
427 1189 559 1233 Geoqr.
588 1188 796 1231 sabaudia,
817 1187 999 1223 Helvetia
1018 1186 1216 1231 australis,
1233 1186 1448 1222 Germania
1468 1186 1663 1232 australis,
1683 1186 1811 1229 Italia,
1829 1186 1992 1222 Dalma-

287 1236 351 1280 tia.
370 1237 477 1280 regio
497 1235 743 1271 Danubialis.

1002 1344 1020 1361 ·
1048 1344 1066 1361 '¹
1094 1344 1269 1380 Biennia.

350 1446 416 1486 54.
453 1444 508 1486 O.
544 1443 832 1499 Spruneri
866 1443 1028 1498 (Boiss.
1059 1443 1209 1497 Diagn.
1239 1442 1331 1486 Ser.
1359 1443 1392 1495 I,
1421 1444 1485 1491 11,
1509 1456 1546 1496 p.
1580 1442 1683 1497 109)
1718 1446 1854 1486 totum
1883 1443 1989 1485 setis

290 1503 499 1546 brevibus
528 1503 733 1545 tenuibus
764 1516 785 1544 e
820 1503 1046 1544 tuberculo
1074 1502 1242 1544 minuto
1273 1502 1479 1545 stellatim
1511 1502 1649 1556 piloso
1674 1502 1782 1544 ortis
1808 1502 1989 1556 adpres-

288 1563 460 1604 sissime
485 1566 527 1604 et
550 1563 741 1605 tenuiter
767 1563 1005 1612 cinereum,
1035 1561 1232 1604 caulibus
1259 1573 1283 1603 e
1310 1561 1455 1604 radice
1479 1561 1674 1604 verticali
1698 1560 1883 1616 simplici
1915 1561 1986 1603 1-3

289 1622 444 1663 erectis
469 1621 592 1663 elatis
620 1621 738 1674 apice
767 1633 894 1674 parce.
920 1623 963 1662 et
985 1621 1135 1664 stricte
1159 1620 1410 1672 racemosis‚
1435 1620 1551 1663 foliis
1576 1620 1838 1663 radicalibus
1863 1620 1988 1674 longe

286 1683 327 1720 et
364 1680 445 1722 late
472 1679 893 1722 linezn‘i-lanceolatis
920 1679 1235 1723 obtusiusculis
1268 1680 1312 1723 in
1349 1680 1555 1733 petiolum
1588 1680 1710 1733 longe
1737 1680 1985 1730 attenuatis,

287 1738 590 1791 superioribus
618 1739 1112 1793 semiamplexicaulibus
1139 1737 1600 1792 oblongo-lanceolatis
1626 1740 1779 1789 acutis,
1804 1739 1986 1781 racemis

285 1796 521 1839 fructiferis
556 1797 767 1850 elongatis
804 1799 909 1841 laxis
936 1797 1313 1851 rigidis,'bracteis
1345 1799 1489 1853 calyce
1522 1798 1815 1849 brevioribus,
1843 1792 1986 1852 cache

284 1856 619 1909 adm-essissime
653 1860 795 1898 setoso
836 1857 999 1899 laciniis
1039 1857 1234 1900 breviter
1273 1856 1521 1900 lanceolatis
1557 1858 1780 1900 fructifero
1817 1861 1986 1900 accreto

284 1915 494 1967 pedicello
529 1915 769 1957 incrassato
807 1915 1082 1958 strictissimo
1122 1917 1340 1959 insidente
1381 1916 1604 1966 obconico‚
1642 1917 1803 1959 corolla
1841 1916 1985 1959 albida

284 1974 493 2027 adpresse
533 1974 669 2027 pilosa
709 1986 900 2026 superne
941 1975 1144 2028 ampliata
1182 1976 1327 2029 calyce
1366 1977 1497 2031 triplo
1540 1976 1735 2029 longiore
1778 1975 1985 2018 dentibus

286 2033 720 2086 triangulari-oratis.
747 2034 937 2076 nectario
971 2033 1131 2087 glabro,
1159 2035 1354 2077 antheris
1387 2035 1582 2084 inclusis,
1611 2035 1782 2078 nuculis
1817 2035 1986 2089 magnis

285 2090 483 2145 oblongis
509 2092 821 2134 obtusiusculis
848 2093 1032 2135 obscure
1055 2094 1594 2146 granulato—tuberculatis
1619 2094 1771 2137 nitidis
1797 2094 1867 2149 (ᾗ).

335 2165 436 2201 Hab.
459 2167 499 2201 in
521 2166 668 2202 Baeotia
687 2166 735 2201 ad
766 2167 914 2202 radices
943 2168 1087 2203 montis
1108 2168 1295 2204 Citheron
1322 2168 1483 2205 Baeotiae
1510 2168 1674 2216 (Sprunl
1694 2169 1746 2204 Or
1778 2169 1812 2204 h.
1836 2168 1893 2204 Fl.
1916 2168 1982 2205 Gr.

287 2222 367 2248 exs.
395 2213 507 2257 7441),
534 2213 573 2249 in
603 2214 760 2258 regione
791 2215 962 2250 inferiori
992 2215 1137 2250 montis
1166 2215 1357 2261 Kyllenes
1388 2216 1649 2262 Peloponnesi
1677 2180 1783 2253 2508'
1810 2215 1985 2263 (Orphl).

291 2274 302 2290 α
328 2259 588 2296 Onosmatum
608 2271 687 2303 rex,
706 2264 748 2295 ut
766 2271 876 2307 reges
898 2262 1038 2308 optimi
1057 2263 1318 2299 rarissimum.
1340 2278 1355 2295 υ
1378 2262 1436 2300 Cl.
1455 2263 1574 2311 Orph.
1592 2264 1632 2299 in
1653 2264 1724 2299 litt.

334 2323 513 2359 Tandem
541 2325 825 2371 sesquipedale,
845 2325 939 2361 folia.
965 2326 1154 2362 radicalia
1173 2327 1460 2374 G-7-pollicaria
1485 2327 1549 2364 5-0·
1575 2327 1700 2362 lineas
1726 2327 1819 2372 lata,
1839 2326 1987 2362 corolla

286 2370 468 2416 pollicem
498 2371 626 2418 longa.
648 2372 710 2407 Ab
731 2371 770 2409 Ο.
789 2372 978 2409 stellulati
1000 2373 1137 2410 formis
1158 2374 1391 2411 indumento
1417 2374 1544 2412 multo
1564 2374 1741 2411 tenuiore
1770 2377 1808 2411 et
1827 2373 1986 2421 adpres-

284 2419 385 2455 siore
405 2422 439 2452 et
457 2419 675 2464 praesertim
694 2419 834 2455 radicis
853 2420 985 2456 indole
1002 2420 1119 2468 longe
1137 2425 1344 2458 remotum.

346 2535 414 2575 55.
454 2532 513 2576 0.
551 2533 902 2590 giganteum
936 2535 1078 2591 (Lam.
1122 2537 1187 2579 lll.
1232 2536 1363 2593 1840)
1393 2539 1531 2580 totum
1562 2537 1668 2581 setis
1705 2536 1933 2591 adpressis
1963 2547 1987 2577 e

285 2592 512 2636 tuberculo
537 2594 739 2638 stellatim
762 2595 900 2649 piloso
923 2596 1033 2638 ortis
1055 2597 1264 2650 griseum.
1283 2599 1403 2640 caule
1422 2609 1444 2640 e
1466 2596 1608 2640 radice
1627 2597 1753 2650 longa
1771 2595 1985 2638 fusiformi

283 2652 410 2694 unico
435 2664 583 2695 crasso
604 2652 715 2695 clato
736 2655 876 2707 ample
900 2656 1357 2710 ramoso-paniculato.
1382 2656 1494 2699 foliis
1517 2656 1768 2699 lanceolatis
1791 2654 1988 2698 radicali-

282 2709 363 2752 hns
395 2711 659 2764 longissimis
687 2712 999 2757 obtusinsculis
1026 2714 1151 2768 longe
1179 2715 1657 2769 petiolato-attenuatis,
1684 2714 1868 2757 caulinis
1893 2725 1989 2757 cre-

284 2768 375 2810 bris
405 2771 566 2813 slrictis
596 2769 722 2814 valde
747 2771 1015 2815 abbreviatis
1041 2777 1083 2815 et
1109 2774 1353 2827 angustatis
1382 2774 1535 2824 acutis,
1565 2774 1767 2829 panicula
1796 2771 1989 2815 albo-vel

283 2828 443 2870 flavislo
482 2829 793 2883 liispidissima.
834 2832 1014 2874 racemis
1052 2832 1290 2875 fructiferis
1329 2833 1542 2886 elongatis
1579 2833 1730 2876 densis
1767 2831 1994 2882 secundis,

284 2886 473 2929 bracteis
515 2889 694 2931 minutis
732 2890 1078 2942 triangularibus
1119 2892 1392 2935 acuminatis.
1419 2892 1577 2946 calycis
1619 2892 1828 2946 pedicello
1865 2890 1991 2933 tenui

282 2948 598 3000 erecto-patulo
618 2948 840 2991 fructifero
864 2961 947 2991 non
967 2950 1207 2993 incrassato
1230 2951 1399 2994 suffulti
1418 2951 1632 2994 fructiferi
1659 2963 1812 3005 parum
1830 2949 1988 2993 accreti

283 3004 570 3058 hispidissimi
609 3006 773 3049 laciniis
800 3012 982 3061 anguste
1016 3009 1270 3061 linearibus,
1296 3011 1456 3053 corolla
1482 3011 1648 3054 minute
1675 3009 1870 3053 velutina
1897 3007 1989 3063 pal-
