2100 3262
278 220 351 257 998
977 228 1243 256 POLYGONEAE.
1728 217 1989 266 Callz‘yonum.

280 304 350 347 vel
379 303 574 358 undique
606 302 713 345 setis
746 303 994 346 intertextis
1034 303 1077 345 in
1116 304 1412 347 membranam
1437 302 1662 346 achenium
1691 303 1986 347 includentem

282 362 488 416 expansis
508 362 640 404 dense
659 362 891 405 obtectum.
917 385 967 392 —
989 361 1287 417 Pericarpium
1312 361 1630 417 sublignosum‚
1647 373 1795 405 semen
1815 362 1990 416 quadri—

281 423 513 464 sulcatum.
527 420 719 474 Embryo
735 421 777 463 in
794 420 861 462 axi
876 421 1113 464 albuminis
1136 421 1305 464 carnosi
1331 425 1488 464 rectus.
1505 445 1555 452 —
1571 420 1768 463 Frutices
1783 421 1989 465 ramosis-

280 480 380 523 simi
414 479 550 522 ramis
584 478 757 532 validis,
799 479 981 522 ramulis
1009 479 1252 522 hornotinis
1279 479 1495 523 debilibus
1517 479 1758 522 articulatis
1790 483 1832 522 et
1861 480 1987 523 siccis

281 539 402 581 facile
423 538 746 581 secedentibus.
794 537 971 581 Ochreae
999 538 1341 581 membranaceae
1365 538 1636 581 brevissimae
1661 538 1829 580 bilobae.
1867 538 1986 581 Folia

280 598 442 651 saepius
469 597 645 639 minima
668 600 710 638 et.
731 598 815 640 cito
836 596 1032 640 decidua.
1056 596 1205 640 Flores
1226 598 1351 651 pauci
1373 597 1416 640 in
1435 598 1692 640 ochrearum
1711 597 1840 639 axilla
1863 597 1988 639 fasci-

280 656 412 699 culati
435 655 650 706 laterales,
684 656 881 710 pedicelli
910 655 1139 699 articulati.
1170 680 1225 685 -
1261 657 1427 698 Plautae
1451 668 1504 698 ex
1527 655 1839 710 speciminibus
1861 655 1988 699 siccis

279 715 408 758 nimis
434 714 582 768 paucis
600 718 642 757 ct
660 714 934 770 incompletis
957 726 1073 769 saepe
1092 717 1203 757 notae
1222 718 1264 757 et
1280 714 1378 758 ideo
1403 715 1622 758 nonnullae
1642 714 1813 769 species
1843 715 1986 758 forsan

279 774 323 816 in
351 778 577 827 posterum
603 774 878 817 reducendae.

688 949 941 1004 Specierum
968 950 1260 993 Orientalimn
1293 949 1564 993 distributio.

275 1085 397 1129 Sacr.
425 1086 458 1128 I.
497 1087 798 1131 P'rnnococcus
820 1086 909 1141 Bge
932 1088 975 1130 in
999 1088 1067 1130 Pl.
1093 1086 1242 1139 Lehm.
1284 1111 1336 1118 -—
1370 1087 1611 1129 Achenium
1646 1086 1983 1141 quadrialatum.

476 1198 488 1210 ·
515 1197 600 1233 Alae
619 1197 659 1232 in
677 1197 835 1233 cristam
857 1197 1018 1233 unicam
1036 1198 1226 1234 abeuntes
1242 1197 1308 1234 vel
1328 1197 1505 1244 margine
1527 1196 1777 1244 subintegrae.

324 1279 363 1317 C.
382 1279 761 1326 Pallasz‘asBunyez',
778 1279 1076 1324 dentiwlacum,
1095 1283 1372 1326 teti-aptarum,
1394 1283 1673 1327 stenopterum.

847 1396 859 1409 ²
885 1396 970 1432 Alae
989 1396 1167 1443 margine
1189 1397 1414 1432 bicristatae.

322 1477 360 1514 C.
379 1477 595 1514 Persicum.

275 1603 398 1647 Smer.
432 1603 483 1646 Il.
514 1605 849 1647 Eucannioonum
872 1602 972 1655 Bge.
1012 1626 1067 1632 -
1096 1601 1337 1644 Achenium
1368 1602 1474 1645 setis
1499 1602 1617 1657 apice
1643 1602 1793 1646 liberis
1815 1603 1982 1646 cancel·

758 1662 1117 1705 lato-intertextis
1141 1662 1276 1704 dense
1297 1661 1501 1705 obsitum.

321 1774 359 1811 C.
382 1784 595 1819 comosum,
612 1771 904 1820 polyyonoz‘des,
925 1772 1123 1818 crinitum,
1144 1770 1390 1818 eriopodum.

272 1927 395 1971 Sisc'r.
420 1925 497 1968 ΙΙΙ.
536 1925 806 1968 CALLIPHYSA
828 1922 930 1977 Bge.
957 1945 1015 1951 --
1040 1921 1281 1964 Achenium
1308 1922 1413 1965 setis
1434 1922 1684 1966 intertextis
1710 1922 1906 1976 apicibus
1933 1923 1977 1965 in

580 1983 881 2027 membranam
903 1982 1198 2025 involventem
1224 1981 1430 2035 expansis
1457 1981 1664 2024 obsitum.

319 2096 358 2134 C.
383 2094 624 2142 Callz'plzysa.

845 2316 971 2361 SECT.
1007 2316 1040 2358 I.
1077 2316 1394 2358 Prnnococcus.

331 2463 365 2503 1.
400 2460 454 2505 C.
477 2455 739 2501 Pallasia
763 2453 911 2509 (Lber.
929 2453 1023 2496 Act.
1049 2451 1142 2496 Soc.
1168 2451 1291 2493 Linn.
1312 2450 1446 2494 Lond.
1467 2451 1500 2504 I,
1524 2465 1564 2506 p.
1591 2451 1691 2503 180)
1715 2451 1970 2495 fruticosum

268 2520 481 2576 glabrum,
512 2518 645 2560 ramis
679 2514 892 2556 flexuosis
925 2512 1086 2554 adultis
1122 2511 1271 2561 fusciS,
1312 2510 1494 2553 ramulis
1536 2511 1821 2562 tenuissimis,
1859 2512 1971 2554 soliis

268 2566 508 2624 linearibus
540 2576 634 2619 'basi
674 2586 772 2618 cum
804 2573 960 2616 ochrea
992 2570 1233 2614 articulatis
1267 2574 1309 2613 et
1334 2571 1416 2612 cito
1442 2570 1652 2621 deciduis,
1680 2570 1843 2612 achenii
1874 2582 1969 2613 cum

267 2641 346 2683 alis
376 2635 719 2680 membranaceis
744 2632 974 2675 orbiculati
1000 2629 1079 2671 alis
1106 2629 1246 2684 planis
1274 2633 1527 2673 transverse
1551 2628 1843 2671 mnltinerviis
1870 2629 1970 2672 sim«

267 2699 438 2754 pliciter
462 2702 502 2740 ct
527 2695 693 2737 minute
720 2691 996 2735 denticulatis
1019 2689 1158 2732 loculo
1179 2688 1394 2742 aequilalis
1422 2690 1541 2742 apice
1569 2687 1813 2730 rotundatis
1838 2690 1972 2742 stylo-

266 2771 363 2802 rum
386 2758 473 2799 basi
507 2754 676 2797 adnatis
698 2758 733 2801 5.
759 2752 1043 2794 Pterococcus
1066 2747 1274 2801 aplzytlus
1302 2748 1408 2790 Pall.
1432 2748 1482 2790 It.
1511 2747 1565 2798 ΙΙ,
1589 2760 1628 2801 p.
1663 2747 1762 2788 332.
1796 2771 1850 2776 -—
1871 2747 1972 2789 Pal-

265 2817 377 2860 {asia
404 2815 583 2867 Caspiae
610 2812 658 2854 L.
687 2810 838 2865 Suppl.
862 2822 900 2863 p.
931 2809 1028 2850 252.
1059 2830 1117 2837 --
1140 2806 1413 2859 Calligyonum
1437 2806 1751 2862 polyyonoides
1784 2806 1889 2847 Pall.
1919 2806 1969 2849 lt.

264 2879 338 2928 HI,
367 2890 403 2930 p.
435 2876 518 2917 530
542 2885 627 2915 non
654 2871 702 2913 L.

312 2950 413 2986 Hab.
432 2950 474 2985 in
493 2948 672 2983 arenosis
691 2944 908 2981 mobilibus
924 2943 971 2978 ad
990 2952 1097 2977 mare
1117 2942 1305 2987 Caspium
1326 2941 1436 2985 (CA.
1453 2941 1589 2987 Mey.].
1612 2940 1726 2977 Proh.
1746 2940 1795 2976 ad
1811 2942 1966 2986 septen—

265 2999 433 3034 trionem
463 2996 629 3033 Caucasi
657 2996 695 3030 et
723 2993 765 3028 in
793 2992 943 3027 ditione
968 2992 1102 3026 nostr-[1.
1128 2988 1306 3024 nondum
1337 2988 1599 3024 observatam.
