2100 3262
290 206 363 243 240
1004 209 1289 237 BORRAGINEAE.
1785 199 1973 248 Myosotis
1982 226 1994 236 .

292 289 328 322 et
356 286 488 331 calyce
520 284 716 319 fructifero
745 282 926 328 longiore
955 281 977 318 2
1005 282 1130 318 lineas
1161 282 1310 328 longo),
1342 281 1588 329 Cappadocia
1616 281 1666 317 ad
1692 283 1880 327 Argaeum
1900 283 1995 328 [ΚΥ.

287 333 423 380 Suppl.
443 332 558 375 2821),
578 331 701 366 Cariae
721 330 880 375 regione
899 329 1036 376 alpina
1056 330 1095 364 in
1113 331 1246 365 monte
1266 328 1413 364 Cadmo
1432 329 1563 373 (Boiss
1575 331 1613 374 l),
1631 329 1886 365 Armeniaad
1904 329 1997 365 Bai-

289 380 360 415 but
389 380 587 424 (Bourgl)‚
614 378 738 413 Ponto
764 378 900 413 Lazico
928 377 977 412 ad
1004 376 1143 422 Djimil
1169 376 1275 412 6000'
1301 376 1392 421 (Bal
1403 377 1439 421 l),
1467 376 1618 411 Libano
1637 376 1687 411 ad
1708 376 1854 412 Cedros
1880 376 1995 422 (ΒΗ),

290 427 522 462 Antilibano
550 436 667 471 supra
685 424 860 460 Zebdani
888 424 969 469 (Ky
981 425 1018 469 l),
1037 424 1224 460 Armenia
1240 424 1402 459 Rossica
1421 425 1459 459 et
1477 423 1791 459 Transcaucasia
1808 424 1908 467 (CA
1928 424 1996 468 M„

291 473 398 510 Koch
407 476 428 517 l,
444 473 589 508 Tauria
608 472 658 507 ad
675 471 810 507 Sudak
834 471 1026 517 (Reium),
1045 470 1258 517 Affghania
1277 470 1440 515 (Gi-iffi),
1459 470 1688 506 Belutschia
1705 470 1909 516 (Stocksl).

350 540 392 592 β.
429 537 734 590 spelzmcicola.
762 562 816 567 -—
844 537 1034 586 Tenera,
1071 548 1204 579 nana.
1241 536 1350 578 rami
1389 540 1430 579 et
1468 536 1625 577 racemi
1665 535 1850 578 flexuosi
1896 536 1993 586 laxi,

291 598 387 641 folia
427 598 619 651 tenuiter
658 596 981 639 membranacea
1022 599 1147 638 ovata
1185 596 1340 638 obtusa
1368 595 1548 637 brevius
1584 598 1626 637 et
1659 595 1833 649 parcius
1857 595 1990 643 hirta,

294 657 492 711 pedicelli
518 656 747 698 inferiores
774 656 917 709 calyce
944 654 1246 708 sublongiores
1271 654 1406 708 patuli
1432 653 1653 696 interdum
1681 654 1991 704 subnotantes,

293 718 418 769 calyx
447 716 591 757 minus
617 715 806 757 clausus.
835 737 889 745 «-
919 713 963 755 Μ
1000 712 1291 766 speluncicola
1327 713 1474 756 Schott
1500 713 1545 755 in
1570 713 1652 766 Ky.
1686 711 1836 754 Sclied.
1867 713 1992 754 1853.

345 790 444 824 Hab
465 790 505 825 in
525 788 771 835 rupestrihus
799 787 931 835 opacis
955 792 992 823 et
1019 786 1215 834 speluncis
1242 787 1358 823 vallis
1385 786 1496 822 Karli
1521 785 1682 832 Boghas
1701 785 1823 821 Tauri
1847 785 1997 821 Cilicici

294 837 398 872 6000*
417 837 510 883 (ΚΥ.
530 837 576 872 42
587 837 623 880 l),
642 836 691 871 ad
708 835 827 882 Pylas
847 835 1024 871 Cilicicas
1043 834 1145 879 (Bal.
1164 835 1283 879 5541).

342 900 496 947 Species
516 900 660 946 calycis
679 899 937 945 longitudine,
958 898 1121 934 racemis
1140 898 1229 945 plus
1251 898 1381 934 minus
1407 898 1511 933 laxis
1531 896 1646 932 valde
1665 896 1889 942 variabilis;
1909 907 1996 943 spe-

293 948 438 983 cimina
458 959 505 983 ex
524 948 682 994 alpibus
706 947 1020 983 Granatensibus
1048 946 1259 992 parvissora
1276 945 1372 981 olim
1392 946 1466 981 sub
1483 944 1538 981 M.
1559 943 1816 990 minutzfloroe
1837 945 1995 979 nomine

293 995 456 1031 distinxi
485 995 552 1030 sed
577 996 723 1030 formas
752 994 1003 1029 intermedias
1025 1004 1148 1039 nuper
1167 992 1259 1028 vidi.
1281 992 1456 1029 Varietas
1475 992 1498 1040 β
1519 991 1623 1027 foliis
1642 990 1817 1026 dilatatis
1838 991 1995 1035 teneris,

292 1045 457 1078 racemis
477 1043 673 1086 nexuosis
692 1040 893 1088 pedicellis
911 1041 1164 1076 inferioribus
1192 1040 1388 1075 interdum
1417 1040 1610 1085 elongatis
1628 1040 1666 1074 et
1684 1037 1995 1074 subnutantibus

293 1091 420 1136 prinia
442 1090 536 1125 facie
555 1089 853 1124 distinctissima
872 1088 1037 1126 videtur.
1049 1089 1178 1123 tamen
1199 1088 1360 1122 omnino
1379 1087 1504 1123 forma
1522 1097 1541 1122 e
1561 1086 1645 1123 loco
1668 1086 1869 1128 umbroso,
1889 1086 1997 1121 simi-

294 1137 373 1173 lem
392 1137 475 1172 vidi
497 1138 535 1172 in
555 1136 877 1183 Galloprovincia
894 1146 917 1171 a
935 1134 980 1171 cl.
1000 1135 1182 1180 Marcilly
1201 1135 1354 1170 lectam.

293 1252 307 1284 t
337 1203 399 1256 ‘Ar
419 1202 551 1247 Geoqr.
579 1201 735 1248 Europa
753 1204 834 1236 tota
854 1211 877 1236 a
894 1199 1159 1236 Scandinavia
1187 1199 1236 1234 ad
1258 1198 1452 1238 Rossiam,
1479 1197 1622 1234 Sibiria
1649 1197 1853 1233 Uralensis
1872 1199 1910 1232 et
1928 1197 1997 1232 Al—

311 1259 403 1285 alca.

357 1381 421 1422 14.
461 1379 532 1420 Μ.
562 1381 781 1421 uncata
806 1377 965 1433 (Boiss.
989 1380 1033 1419 et
1066 1376 1152 1418 Bal.
1180 1376 1332 1429 Diagn.
1360 1374 1452 1418 Ser.
1479 1375 1531 1426 ΙΙ,
1562 1376 1601 1426 3,
1630 1387 1668 1429 p.
1700 1374 1802 1430 139)
1830 1387 1992 1422 annua.

297 1439 442 1494 patule
471 1442 512 1479 et
540 1439 662 1491 longe
690 1438 789 1490 pilis
818 1451 900 1480 non
941 1437 1154 1480 uncinatis
1180 1436 1362 1489 hispida,
1391 1435 1503 1477 foliis
1534 1435 1699 1477 infimis
1727 1433 1923 1488 oblongis
1950 1434 1994 1475 in

294 1498 503 1553 petiolum
530 1497 707 1539 brevem
741 1497 975 1540 attenuatis
1009 1496 1194 1539 caulinis
1228 1494 1694 1548 oblongo-linearibus,
1721 1493 1844 1536 caule
1872 1493 1994 1535 brevi

295 1557 535 1600 dicliolonie
563 1568 731 1599 ramoso
755 1557 888 1598 ramis
915 1556 960 1598 in
982 1567 1176 1598 racemos
1199 1554 1448 1596 fructiferos
1473 1553 1753 1607 longissimos
1776 1552 1998 1594 ebractea-

292 1620 361 1659 tos
380 1617 499 1658 laxos
524 1615 800 1668 abeuntibus,
820 1615 1042 1670 pedicellis
1066 1615 1210 1668 calyce
1228 1613 1507 1656 brevioribus
1528 1612 1690 1666 patulis
1712 1611 1780 1653 vel
1805 1611 1995 1656 cernuis,

291 1675 436 1728 calyce
475 1674 697 1718 fructifero
738 1674 835 1729 pilis
871 1673 1011 1727 longis
1051 1674 1207 1728 patulis
1247 1672 1462 1715 uncinatis
1490 1671 1663 1726 hispido
1695 1670 1998 1724 campanulato

293 1733 542 1786 subclauso‚
572 1734 742 1776 corollae
780 1734 965 1776 niinimae
1004 1745 1173 1776 azureae
1211 1732 1315 1775 tubo
1356 1731 1501 1785 calyce
1540 1730 1834 1784 sublongiore‚
1866 1728 1998 1771 limbo

292 1794 470 1835 minimo
498 1805 685 1836 concavo
718 1797 783 1843 O.

295 1867 442 1949 ΙῼΙΗΞῘΙ).
461 1868 500 1902 in
521 1867 720 1902 umbrosis
742 1866 863 1902 faucis
884 1865 1101 1902 Guzeldere
1128 1876 1246 1912 supra
1264 1865 1448 1911 Sedichig
1470 1863 1617 1900 Ciliciae
1642 1862 1825 1898 littoralis
1852 1861 1995 1907 (Ball).

345 1942 351 1948 .
370 1942 380 1949 .
409 1926 464 1961 pr.

339 1977 474 2013 Caulis
493 1977 786 2024 2-3-p011icaris,
805 1977 950 2013 racemi
967 1977 1128 2012 tandem
1145 1976 1419 2024 semipedales,
1441 1975 1593 2021 calyces
1612 1973 1802 2009 fructiferi
1830 1974 1943 2020 parvi
1961 1976 1999 2009 et

292 2025 450 2060 corollae
474 2025 529 2062 M.
550 2024 696 2061 stm'ctoe
720 2035 801 2060 var.
830 2024 1097 2070 minutifloroe.
1129 2024 1191 2060 Ab
1209 2027 1255 2060 ea
1282 2028 1342 2060 sat
1361 2024 1516 2059 differre
1535 2022 1692 2058 videtur
1709 2020 1800 2068 pilis
1817 2021 1941 2058 caulis
1960 2022 1999 2056 et

295 2071 478 2154 foliorum
499 2083 577 2108 non
595 2073 804 2126 uncinatis,
823 2073 986 2108 racemis
1004 2071 1249 2118 longissimis
1267 2072 1512 2113 ebracteatis,
1530 2067 1733 2118 pedicellis
1753 2068 1998 2106 brevissimis

294 2130 347 2154 nu
368 2130 417 2155 an
442 2130 657 2156 1-recurvis.

357 2244 421 2285 ¹15.
456 2243 524 2286 M.
549 2241 807 2285 refracta
832 2242 991 2297 (Boiss.
1015 2243 1122 2296 Voy.
1145 2243 1243 2297 Esp.
1275 2256 1313 2297 p.
1337 2243 1436 2290 433.
1460 2243 1544 2286 tab.
1582 2242 1680 2297 125)
1707 2253 1866 2291 annua,
1895 2240 1996 2295 pilis

291 2302 404 2345 albis
427 2302 587 2356 patulis
610 2301 661 2343 ad
699 2303 863 2344 caulem
891 2313 1007 2356 saepe
1032 2303 1240 2345 reti-orsis
1266 2302 1435 2356 hispida
1462 2301 1569 2345 collo
1597 2302 1663 2344 vel
1686 2301 1808 2343 caule
1831 2299 2001 2343 brevis-

293 2362 402 2403 simo
448 2372 632 2412 ramoso,
668 2361 800 2403 ramis
842 2361 884 2404 in
925 2373 1120 2404 racemos
1161 2362 1360 2415 aphyllos
1399 2362 1574 2405 demum
1611 2360 1738 2403 valde
1778 2358 2000 2412 elongatos

292 2420 515 2463 flexuosos
545 2432 661 2474 saepe
685 2423 905 2463 tortuosos
932 2420 1213 2463 unilaterales
1235 2421 1356 2464 laxos
1381 2419 1660 2464 abeuntibus.
1681 2418 1795 2461 foliis
1817 2418 1999 2460 minutis

291 2478 749 2531 oblongo-lanceolatis
794 2479 1054 2522 radicalibns
1095 2479 1399 2534 subpetiolatis
1446 2479 1731 2534 spathulatiffi
1772 2477 1998 2531 pedicellis

291 2537 531 2580 fructiferis
577 2538 720 2592 calyce
763 2539 899 2581 multo
948 2538 1226 2582 brevioribus
1270 2540 1524 2583 incrassatis
1571 2536 2000 2588 recurvo-refractis,

291 2597 437 2651 calyce
462 2598 653 2640 florifero
676 2597 1073 2652 semiquinquefido
1099 2598 1291 2640 breviter
1314 2597 1614 2653 campanulato
1636 2596 1783 2651 patule
1801 2599 1843 2638 et
1863 2595 2000 2637 dense

292 2655 464 2710 hispido
498 2656 719 2699 fructifero
755 2657 954 2711 elongato
981 2657 1075 2700 basi
1102 2660 1325 2700 attenuato
1362 2656 1776 2712 pyriformi-clavalo
1811 2650 1899 2697 tolo
1928 2655 2000 2696 vel

287 2726 484 2770 superne
505 2720 677 2774 *tantum
701 2716 1080 2770 nucinam-piloso,
1101 2714 1272 2759 corollae
1295 2717 1484 2759 minimae
1508 2715 1704 2759 caernleae
1727 2715 1831 2757 tubo
1854 2714 2000 2767 calyce

292 2786 377 2815 non
403 2773 612 2828 longiore,
640 2775 768 2817 limbo
796 2786 997 2826 concavo,
1025 2775 1196 2818 nuculis
1222 2776 1359 2818 acutis
1391 2779 1458 2826 Θ.

312 2893 319 2899 .
341 2846 440 2882 Hah.
459 2848 497 2882 in
515 2847 705 2894 lapidosis
726 2848 895 2894 regionis
913 2844 1136 2895 subalpinae
1154 2851 1193 2884 et
1208 2847 1365 2896 alpinae,
1383 2847 1662 2885 monsParnes
1677 2847 1816 2883 Atticae
1834 2845 1874 2882 in
1892 2845 1997 2882 abie-

292 2894 385 2929 nnis
404 2894 596 2939 (Heldrl).
621 2896 735 2931 Creta
754 2897 792 2930 in
814 2900 945 2931 monte
965 2895 1030 2931 [da
1055 2895 1201 2932 5-62100‘
1220 2896 1408 2940 (Heldrll.
1427 2898 1582 2942 Cyprus
1607 2895 1700 2940 (ΚΥ.
1721 2895 1788 2931 901
1805 2896 1842 2940 ἔ),
1862 2892 1999 2940 Lydiae

290 2945 331 2975 et
343 2942 466 2976 cariae
481 2946 633 2977 montes
644 2942 810 2978 Tmolus
825 2946 863 2978 et
873 2943 1046 2979 Cadmus
1058 2943 1207 2987 (Boissl
1223 2943 1346 2979 Auch>
1358 2942 1495 2988 22671),
1507 2943 1682 2988 Phrygia
1696 2941 1747 2977 ad
1759 2940 1999 2987 Kaiagheul-

290 2987 382 3024 dere
402 2999 521 3036 prope
541 2989 705 3025 Oucliak
726 2989 861 3035 (Ball),
879 2990 1007 3036 Lyciae
1028 2994 1180 3026 montes
1200 2990 1359 3026 Elmalu
1376 2989 1537 3036 (Bourg.
1557 2989 1674 3034 1961),
1691 2989 1807 3037 Syria
1825 2989 1866 3024 in
1886 2997 1998 3024 cacu-
