2065 3271
103 203 285 253 Thymus.
860 212 1057 238 mmm-22.
1739 207 1811 244 555

97 287 332 330 attenuatis
372 286 438 328 vel
475 289 671 330 cuneatis
703 297 802 327 raro
830 285 1077 328 rotundatis
1122 285 1316 327 breviter
1346 286 1578 338 petiolatis‚
1619 289 1807 332 verticil-

97 345 242 388 lastris
271 344 500 389 sessilibus
534 345 578 387 in
605 345 842 399 capitulum
869 345 1087 398 congestis
1115 344 1182 386 vel
1218 344 1502 387 inferioribus
1528 347 1628 399 plus
1655 348 1803 392 minus

98 404 362 447 distantibus
400 405 656 452 racemosis‚
700 403 810 446 foliis
858 402 1086 445 floralibus
1129 402 1541 455 subconformibus,
1582 405 1807 459 pedicellis

98 464 240 518 calyce
269 463 650 509 subbrevioribus.
684 463 840 514 calycis
872 463 969 515 plus
1005 462 1150 503 minus
1179 462 1280 504 hirti
1317 462 1368 504 ad
1396 463 1587 506 medium
1615 464 1807 508 bilabiati

98 521 209 565 labio
236 521 465 575 superiore
491 521 771 576 sublongiore
797 520 1002 564 dentibus
1034 521 1380 573 triangularibus
1403 522 1566 575 glabris
1595 524 1662 567 vel
1691 525 1807 567 cilia-

96 581 151 622 tis
174 580 380 623 inferiore
404 582 446 623 in
473 581 627 623 dentes
654 581 821 624 ciliatos
858 580 1346 623 lanceolato-subulatos
1376 580 1597 634 bipartito,
1632 584 1805 626 corollae

99 650 234 681 roseae
274 639 378 682 tubo
417 639 670 683 subincluso
709 645 767 686 26.
802 638 978 694 Species
1018 639 1141 680 valde
1172 640 1457 693 polymorplia
1495 641 1619 694 qu'us
1654 643 1805 685 forniae

97 698 252 740 mirum
282 699 324 740 in
350 698 524 741 modum
551 699 790 747 conssuuut,
817 698 1140 752 frequentiores
1166 710 1390 740 enumero.

153 799 200 822 α.
236 780 472 832 pertulimus.
501 804 558 811 —
585 780 709 822 Rami
742 783 897 823 tenues
931 779 1132 832 elongati,
1164 779 1266 822 folia
1295 792 1431 833 parva
1466 782 1593 834 plana
1626 783 1803 826 lineari-

95 839 281 891 elliptica
308 839 616 892 glabriuscula,
641 840 774 882 flores
798 839 985 894 capitati.
1017 861 1070 870 —
1103 838 1157 880 lc.
1190 837 1325 880 Rchb.
1352 840 1420 888 65,
1447 838 1464 882 1
1498 844 1541 882 et
1569 841 1617 883 2.

141 912 239 948 Hab.
259 913 299 947 in
318 914 438 959 pratis
458 913 675 959 praesertim
696 913 866 958 regionis
885 914 1086 948 montanae
1112 913 1149 947 et
1173 911 1331 958 alpinae,
1354 912 1580 950 Macedonia
1598 915 1638 950 in
1659 916 1805 953 Scardo

93 960 296 1005 (Griseb.)‚
327 970 440 995 mons
469 960 613 1007 Delphi
633 960 776 996 Eubeae
795 962 832 995 et
849 969 1036 995 cacumen
1063 958 1234 994 Athonis
1255 958 1430 1006 (Orphn,
1458 959 1621 1008 Olvmpi
1641 962 1806 1009 Bithyni

94 1008 199 1053 regio
217 1008 422 1053 superiori,
437 1007 585 1043 Pontus
600 1007 765 1044 Lazicus
780 1017 898 1054 supra
911 1006 1199 1054 Trapezuntem
1214 1005 1382 1051 (Calvi),
1397 1007 1499 1044 circa
1512 1000 1653 1055 Djimii
1668 1010 1803 1055 (Ball),

95 1054 294 1090 Caucasus
313 1054 505 1099 (Ledeb.).

152 1119 195 1172 β.
240 1117 470 1170 latifoliae.
492 1142 550 1152 ·-·
584 1120 708 1163 Rarni
757 1119 994 1162 erectiores
1041 1118 1252 1172 elongati,
1303 1119 1402 1161 folia
1449 1122 1610 1175 majora
1656 1126 1804 1165 ovato-

94 1180 292 1232 oblouga.
335 1179 641 1222 verticillastra
667 1179 874 1223 inferiora
909 1177 1131 1220 interdum
1168 1177 1334 1220 dissita.
1362 1203 1415 1209 —
1445 1179 1490 1221 T.
1519 1179 1803 1235 Clzamoedrys

93 1238 225 1281 Fries.
256 1238 367 1281 Nov.
387 1238 494 1283 ¹196.
521 1262 579 1270 —
611 1238 655 1281 T.
688 1239 926 1281 montanus
951 1236 1018 1277 W.
1043 1237 1092 1279 K.
1124 1237 1271 1290 Hung.
1298 1236 1330 1287 Ι,
1360 1250 1404 1291 p.
1434 1239 1502 1285 72,
1529 1240 1616 1281 tab.
1652 1239 1718 1281 7‘1.
1748 1264 1803 1270 —

98 1297 136 1339 T.
164 1297 351 1340 collinus
379 1297 483 1340 ΜΒ.
512 1298 588 1349 ΙΙΙ,
613 1312 657 1354 p.
686 1296 794 1341 4011.
825 1321 880 1328 —
910 1296 950 1338 T.
974 1294 1219 1348 pulchellus
1244 1295 1289 1338 C.
1322 1296 1375 1338 A.
1403 1296 1456 1339 M.
1496 1299 1650 1341 Enum.
1676 1313 1720 1354 p.
1745 1300 1801 1342 87

93 1369 145 1400 ex
171 1356 408 1411 specimine
443 1356 706 1413 archetypo!
750 1359 874 1400 lusus
907 1356 1022 1399 soliis
1047 1354 1375 1409 angustioribus
1397 1355 1449 1398 ad
1483 1370 1574 1400 var.
1602 1358 1800 1410 anqusti-

82 1414 249 1467 foliam
279 1428 484 1469 vergens.

137 1489 236 1525 Hah.
256 1490 295 1525 in
314 1490 483 1526 Thracia
510 1491 548 1526 et
572 1489 802 1527 Macedonia
825 1488 1032 1534 (Griseb.),
1064 1487 1243 1524 Caucaso
1270 1490 1308 1524 et
1335 1488 1647 1525 Transcaucasia
1679 1489 1803 1535 [Led.‚

92 1535 182 1572 C.A.
203 1535 317 1583 Mey.‚
336 1536 481 1582 Szovl).

147 1624 194 1664 y.
225 1604 571 1648 nummularius.
602 1630 657 1635 —
677 1605 803 1647 Rami
836 1617 859 1646 a
887 1604 979 1646 basi
1016 1604 1234 1657 prostrata
1261 1604 1395 1646 erecti
1430 1602 1609 1656 fragiles
1647 1605 1795 1657 patule

91 1663 262 1716 hirsuti,
289 1663 385 1706 folia
415 1666 541 1706 ovata
568 1665 634 1707 vel
662 1664 899 1707 orbiculata
926 1662 1017 1705 basi
1044 1673 1160 1715 saepe
1185 1662 1420 1705 rotundata
1444 1663 1511 1704 vel
1537 1662 1666 1704 etiam
1693 1663 1799 1705 sub·

92 1723 284 1772 cordata,
314 1723 502 1776 capitula
523 1723 698 1777 globosa
722 1723 834 1766 foliis
865 1722 1050 1765 summis
1085 1720 1371 1768 involucrata,
1403 1721 1563 1763 corolla
1605 1722 1804 1774 speciosa

95 1781 221 1824 limbo
246 1782 500 1835 majusculo,
526 1781 787 1826 staminibus
811 1782 1083 1824 exsertis.—
1106 1780 1148 1822 T.
1173 1779 1508 1822 nilnzmulurius
1535 1780 1640 1823 ΜΒ.
1667 1781 1801 1822 Taur.

92 1839 217 1882 Cauc.
246 1839 298 1885 ΙΙ,
324 1853 363 1894 p.
388 1842 457 1883 58.
480 1840 576 1883 Bot.
605 1841 710 1894 Mag.
741 1840 824 1883 tab.
857 1840 999 1882 2666!

140 1914 240 1950 Hab.
274 1914 314 1949 in
346 1915 506 1960 regione
534 1915 668 1962 alpina
694 1914 809 1950 Ponti
837 1913 964 1950 Lazici
998 1924 1044 1949 su
1075 1923 1116 1948 ra
1147 1911 1288 1958 Djimil
1321 1911 1427 1948 6600’
1460 1912 1550 1957 (Bal
1564 1915 1602 1958 l),
1633 1913 1803 1960 Alpibus

91 1961 309 1998 Caucasicis
329 1961 475 2007 (MR),
496 1962 766 2009 Daghestania
783 1960 1012 1997 6000’-9000’
1035 1923 1165 2007 (ffiupr
1178 1962 1217 2006 l).

138 2018 252 2054 Rami
274 2018 577 2065 4-5-pollicares‚
611 2029 628 2053 s
659 2019 827 2054 ecimina
851 2016 1036 2071 quaedam
1066 2017 1174 2053 foliis
1203 2015 1689 2053 subcordato-orbiculatis
1717 2027 1805 2065 pro-

90 2065 216 2112 priam
235 2065 369 2102 sistere
389 2066 557 2113 speciem
575 2066 616 2102 vi
647 2067 761 2102 entur
781 2065 850 2102 sed
869 2063 1113 2100 mtermediae
1133 2064 1272 2100 formae
1289 2067 1508 2099 occurrunt.

150 2130 188 2174 ὃ.
222 2130 611 2174 Marschallianus.
647 2156 687 2162 —
707 2132 830 2173 Rami
855 2131 1043 2184 elongati
1061 2129 1224 2173 hirtelli
1248 2129 1317 2170 vel
1339 2128 1497 2179 villosi,
1519 2130 1618 2172 folia
1636 2131 1800 2184 saepius

91 2192 286 2244 elongata
302 2190 482 2243 oblonga
496 2195 539 2233 et
552 2190 916 2245 lineari-elliptica
931 2190 1073 2232 ciliata
1087 2190 1157 2232 vel
1173 2187 1370 2242 undique
1385 2187 1571 2230 hirsuta.
1585 2212 1643 2218 —
1658 2188 1794 2232 Rchb.

92 2249 176 2293 tab.
201 2251 243 2300 6,
269 2249 327 2291 ΝΟ
355 2251 394 2292 2.
434 2250 475 2292 T.
503 2248 881 2292 Marsclmllianus
910 2247 1065 2291 Willd.
1102 2247 1175 2302 Sp.
1204 2245 1299 2289 141.
1343 2270 1397 2278 --
1440 2246 1485 2288 T.
1517 2247 1807 2290 Pannonicus

98 2308 190 2352 Btli.
218 2310 259 2351 in
287 2322 381 2352 1).c.
409 2309 562 2352 Prodr.
589 2312 632 2352 et
657 2309 740 2352 All.
769 2308 871 2351 Ped.
896 2308 930 2359 Ι,
958 2320 997 2362 p.
1016 2308 1071 2350 20
1097 2307 1256 2363 (forma
1279 2305 1392 2349 foliis
1411 2306 1729 2362 brevioribus).
1759 2331 1802 2337 —

97 2367 139 2409 T.
171 2368 378 2422 Roefflzeri
401 2368 446 2411 C.
471 2368 592 2413 Koch
617 2369 743 2412 Linn.
771 2367 892 2418 XXI,
917 2381 958 2423 p.
989 2368 1088 2410 666.

138 2441 227 2477 Hah
258 2443 296 2477 in
317 2442 469 2478 Graecia
487 2442 628 2487 (Auch.
655 2442 796 2487 16421),
818 2440 1059 2477 Macedoniae
1086 2442 1219 2476 monte
1244 2439 1424 2475 Peristeri
1451 2437 1525 2481 (Or
1556 2438 1621 2483 ht)
1648 2441 1686 2474 et
1711 2438 1806 2474 Kor-

93 2487 203 2524 thiati
238 2488 426 2534 (Heldrl)‚
461 2489 618 2532 Tauria,
648 2489 822 2525 Caucaso
854 2491 892 2524 et
917 2487 1229 2524 Transcaucasia
1261 2486 1318 2531 (C.
1348 2485 1474 2521 Koch!
1508 2449 1644 2530 ifohU,
1675 2485 1808 2522 Persia

93 2535 252 2571 australi
273 2537 313 2571 in
331 2536 430 2583 Alpe
450 2536 541 2572 Kuh
563 2535 666 2573 Delu
687 2536 780 2582 (ΚΥ.
799 2535 920 2581 5601).

150 2602 188 2645 ὃ.
210 2601 288 2644 bis.
326 2601 504 2646 Ocheus.
531 2626 582 2633 —
611 2603 746 2646 Totus
770 2602 964 2644 breviter
992 2605 1034 2644 et
1057 2600 1268 2655 patentim
1290 2597 1804 2649 canescenti-setulosus,

92 2661 200 2703 rami
226 2662 483 2709 abbreviati,
516 2659 615 2703 folia
644 2673 778 2716 parva
816 2664 941 2703 ovata
976 2664 1017 2702 et
1044 2656 1520 2713 oblongo-spathulata,
1559 2657 1692 2699 ssores
1721 2660 1807 2698 ter-

94 2719 274 2763 minales
310 2721 485 2775 capitati
514 2720 630 2762 soliis
668 2720 852 2764 summis
888 2719 1162 2763 involucrati.
1193 2741 1245 2748 —
1275 2717 1318 2758 T.
1362 2715 1528 2758 Ocheus
1569 2715 1722 2758 Heldr.
1765 2718 1809 2757 et

93 2775 203 2820 Sart.
234 2779 395 2832 Diagn.
430 2779 531 2823 Ser.
567 2778 618 2828 II,
640 2780 681 2829 4,
705 2792 745 2833 p.
770 2780 815 2821 4.

139 2851 238 2888 Hab.
258 2854 298 2889 in
318 2864 474 2890 summo
499 2855 633 2890 monte
658 2854 808 2901 Hagios
836 2853 944 2889 Elias
975 2853 1139 2898 (Oches)
1174 2863 1294 2899 supra
1327 2851 1484 2887 Karisto
1513 2849 1660 2886 Eubeae
1691 2850 1808 2893 (Sari.

93 2906 170 2933 exs.
193 2900 268 2936 sub
295 2900 336 2937 T.
358 2901 538 2947 inteyro).

151 2982 182 3006 ε.
217 2964 471 3008 Chaubardi
508 2965 652 3010 Boiss.
688 2969 730 3009 et
758 2965 902 3009 Heldr.
946 2965 1098 3020 Diagn.
1138 2964 1230 3008 Ser.
1269 2964 1330 3018 ΙΙ,
1369 2965 1406 3014 4,
1445 2975 1495 3018 p.
1536 2964 1574 3005 6.
1603 2986 1660 2994 —
1684 2961 1808 3004 Rami
