2100 3262
322 228 416 265 1042
1054 238 1315 266 POLYGONEAE.
1762 231 2021 280 Polyyonum,

370 310 470 345 Hab.
494 310 534 344 in
553 319 672 355 regno
692 309 880 346 Cabulieo
899 310 1026 356 (Griff.
1047 312 1169 357 1724).
1196 313 1285 348 Non
1305 312 1402 348 vidi.

371 375 515 411 Caules
533 375 754 421 spithamei‚
777 374 927 411 ochreae
945 376 1011 412 4-6
1028 376 1165 422 lineas,
1184 377 1280 412 folia
1295 377 1383 413 8-12
1399 377 1523 412 lineas
1542 377 1660 424 longa
1682 377 1767 423 'sa-1
1791 378 1884 425 lata,
1905 381 2022 420 flores

323 423 483 467 magnit.
511 422 555 457 P.
578 421 797 458 cwz'eularz‘s.

896 567 918 622 ξ
951 568 989 609 4.
1024 566 1449 623 Spinesce'ntia.

384 706 452 746 41.
490 704 545 746 Ρ.
571 703 890 748 dumosum
917 705 1079 759 (Boiss.
1108 705 1149 747 in
1178 708 1258 759 Ky.
1285 705 1434 748 Sched.
1461 707 1582 749 1845.
1612 732 1667 738 -
1692 707 1844 761 Diagn.
1868 708 1963 751 Ser.
1985 708 2018 759 Ι,

324 765 364 812 7,
396 778 432 817 p.
462 765 537 809 833
564 764 1180 807 lolnentello-scabriusculum
1212 766 1513 807 fruticulosnm
1538 778 1697 808 nanum
1724 768 2017 810 ramosissime

322 823 568 875 dulnosum,
588 823 717 864 ramis
740 823 943 865 tenuibus
971 823 1119 875 rigidis
1142 823 1440 877 subangnlalis
1463 837 1544 865 non
1567 825 1729 867 strialis
1747 826 2016 879 simplicibus

321 883 464 924 rarius
487 883 634 924 slrictc
665 885 706 923 el
731 893 858 935 parce
884 882 1114 924 ramulosis
1141 882 1182 924 in
1212 895 1405 926 racemos
1433 886 1586 926 tenues
1614 884 1730 926 laxos
1756 884 2016 928 abeuntibus

322 953 418 982 mox
462 941 649 994 apliyllis
689 945 731 982 et
773 941 1123 995 persistentibus
1152 941 1320 985 ochreis
1359 942 1544 995 hyalinis
1584 943 1775 986 enerviis
1819 943 2014 997 oblongis

320 1000 575 1042 acuminatis
604 1000 847 1043 internodia
873 1003 914 1041 et
946 1000 1042 1041 folia
1070 1001 1447 1055 subaequantibus‚
1488 1001 1602 1043 foliis
1638 1001 2015 1056 lineari-elliplicis

322 1059 460 1101 aculis
491 1059 681 1112 margIne
707 1059 914 1101 revolulis
937 1058 1094 1101 subtus
1123 1060 1365 1102 uninerviis
1393 1060 1554 1102 strictis
1582 1060 1824 1103 internodio
1848 1061 2016 1105 brevio·

319 1117 458 1169 ribus,
485 1118 709 1160 floralibus
730 1117 994 1160 abbreviatis
1017 1118 1092 1161 sed
1119 1119 1224 1161 ssore
1252 1119 1533 1172 longioribus,
1560 1119 1742 1162 floribus
1766 1121 1840 1162 1-02
1868 1120 2015 1162 axilla-

320 1177 442 1219 ribns
469 1177 687 1230 pedicellis
713 1178 774 1219 eis
793 1177 1045 1231 aequilongis
1070 1178 1240 1220 landem
1270 1178 1522 1220 nutantibus
1546 1178 1737 1221 suffultis
1762 1179 2013 1233 majusculis

319 1236 471 1287 roseis,
498 1237 718 1290 perigonio
746 1236 797 1278 ad
827 1235 879 1290 ³l4
903 1236 947 1278 in
972 1236 1150 1278 'lacinias
1174 1237 1381 1289 oblongas
1410 1237 1577 1290 partito,
1604 1238 1794 1280 achenio.
1812 1271 1818 1279 .
1838 1271 1846 1278 .
1866 1242 1924 1288 .5.

364 1312 464 1348 Hal).
480 1312 520 1346 in
539 1312 675 1347 Persi-[i
695 1311 858 1347 australi
881 1322 1002 1358 prope
1024 1312 1158 1348 ruinas
1177 1313 1401 1359 Persepolis
1420 1313 1513 1359 (Ky.
1535 1312 1655 1358 2422).

364 1377 485 1412 Dumi
508 1376 789 1422 hemispherici
806 1376 1119 1423 sesquipedales,
1139 1376 1235 1413 folia
1251 1376 1314 1413 3-4
1336 1377 1461 1412 lineas
1482 1377 1602 1423 longa
1618 1377 1764 1413 lineam
1782 1377 1873 1423 lata,
1899 1378 2013 1414 flores

318 1424 603 1470 sesquilineam
619 1424 739 1469 longi.

376 1537 447 1577 4⁶2.
483 1535 540 1577 P.
572 1534 809 1578 aridum
836 1535 996 1590 (Boiss.
1020 1538 1062 1578 et
1088 1535 1297 1592 Haussk.)
1321 1537 1434 1579 lente
1464 1536 1806 1580 scabriusculum
1835 1537 2013 1580 fruticu-

315 1596 454 1638 losum
484 1595 777 1636 ramosissime
802 1595 1047 1647 dulnosum,
1070 1596 1201 1638 ramis
1229 1596 1433 1639 tenuibus
1457 1596 1666 1648 elongalis
1692 1596 1946 1639 dichotomis
1970 1599 2012 1640 et

316 1654 545 1697 ramulosis
574 1654 616 1696 in
645 1666 837 1697 racemos
872 1657 1027 1697 tenues
1064 1655 1213 1708 longos
1241 1655 1483 1698 laxissimos
1518 1655 1714 1709 apliyllos
1752 1654 2010 1699 abeuntibus

315 1713 489 1756 demum
514 1713 866 1767 persistentibus.
896 1713 1064 1756 oclireis
1093 1713 1286 1756 breviter
1311 1714 1449 1757 ovalis
1479 1714 1722 1757 inlernodio
1754 1715 1890 1756 multo
1915 1714 2012 1758 bre-

312 1773 509 1815 vioribus
548 1772 638 1814 basi
681 1772 1023 1815 fuscescentibus
1063 1773 1326 1815 5—6—nerviis
1361 1773 1528 1816 caeteris
1570 1773 1777 1827 liyalinis,
1822 1773 1931 1814 soliis
1967 1773 2012 1816 in

314 1836 435 1885 parle
456 1832 649 1874 inferiori
675 1844 895 1873 ramorum
920 1832 1195 1885 paucissimis
1223 1832 1644 1875 lineari-lanceolatis
1671 1832 1863 1885 margine
1890 1844 2012 1875 revo-

312 1890 415 1932 lutis
443 1891 523 1932 cito
551 1891 744 1932 deciduis
770 1891 993 1934 floralibus
1021 1891 1242 1941 abortivis,
1273 1891 1454 1934 floribus
1491 1891 1740 1946 majlisculis
1764 1903 1817 1933 ex
1851 1890 2010 1934 racemi

312 1950 480 1992 oclireis
506 1951 663 1991 1-2-nis
687 1949 906 2003 pedicellis
933 1950 1142 1992 brevibus
1167 1950 1337 1992 tandem
1362 1951 1536 1993 cernuis
1559 1950 1764 2003 suffultis,
1790 1949 2009 2003 pei-igonio

312 2021 437 2051 roseo
465 2010 519 2052 ad
546 2008 597 2061 Ἃ
621 2009 793 2063 partito,
814 2009 991 2052 acbenio
1017 2012 1220 2063 punctato
1248 2008 1465 2064 suhopaco
1484 2018 1519 2058 5.

358 2082 460 2118 Hah.
477 2082 515 2118 in
533 2083 708 2118 arenosis
726 2082 868 2128 apricis
883 2083 1079 2118 montium
1094 2083 1251 2119 Sawers
1268 2084 1307 2118 et
1323 2083 1409 2118 Nur
1422 2083 1566 2119 Persiae
1584 2083 1769 2118 australis
1783 2082 2008 2129 (Hausskl).

359 2146 512 2182 Dumus
530 2146 784 2192 semipedalis
802 2147 865 2182 vel
883 2146 1048 2193 pedalis,
1068 2147 1214 2182 racemi
1231 2146 1482 2194 3-5-pollices
1504 2144 1613 2192 longi
1633 2148 1784 2182 tenues.
1819 2146 1945 2182 Affine
1962 2145 2008 2184 P.

310 2194 474 2230 dumoso
496 2205 517 2229 a
536 2204 616 2239 quo
634 2193 763 2228 differt
780 2193 932 2230 ochreis
951 2194 1193 2230 abbreviatis
1211 2194 1300 2230 basi
1317 2194 1574 2241 plurinerviis
1598 2204 1668 2229 nec
1695 2195 1879 2240 enerviis‚
1903 2203 2007 2230 race-

309 2242 384 2277 mis
403 2241 597 2287 elongatis
616 2241 802 2287 aphyllis.

370 2350 437 2391 43.
472 2349 528 2391 P.
564 2347 1018 2392 salicornioides
1054 2348 1204 2404 (Jaub.
1233 2353 1275 2392 et
1298 2348 1369 2402 Sp.
1400 2348 1463 2390 Ill.
1492 2347 1575 2390 tab.
1609 2349 1688 2390 123
1717 2359 1812 2390 cuni
1842 2346 2003 2402 deser.)

310 2410 426 2451 lente
476 2407 821 2450 scabrinsculum
869 2407 1171 2451 fruticulosum
1216 2408 1425 2463 pumilum
1470 2407 1833 2459 ramosissimum,
1872 2406 2003 2449 ramis

312 2468 460 2520 rigidis
479 2467 786 2509 crassiusculis
806 2467 971 2509 strialis
994 2468 1139 2521 pat-ule
1162 2466 1392 2509 ramulosis
1418 2467 1500 2509 cito
1523 2466 1709 2520 aphyllis
1735 2465 2003 2518 ramulisque

309 2527 483 2569 landem
526 2525 740 2568 induratis
778 2525 1068 2580 subspinosis.
1111 2525 1280 2568 ochreis
1315 2525 1502 2580 hyalinis
1538 2525 1746 2569 brevibus
1792 2524 2002 2567 truncatis

311 2586 476 2637 laceris,
518 2585 627 2627 foliis
662 2584 853 2627 minimis
888 2586 1081 2628 carnosis
1115 2585 1361 2628 internodia
1396 2585 1655 2628 brevissima
1693 2583 2002 2638 superantibus

308 2645 447 2688 ovalis
471 2649 512 2686 et
541 2644 737 2696 oblongis
762 2644 1003 2687 uninerviis
1034 2644 1227 2698 margine
1263 2643 1476 2687 revolutis
1515 2643 1742 2686 floralibus
1776 2641 2000 2693 abortivis,

308 2704 492 2746 floribus
524 2703 775 2758 majusculis
807 2704 851 2744 in
884 2703 1026 2746 axillis
1054 2704 1334 2746 inferioribus
1377 2703 1543 2745 1-2-nis
1575 2701 1856 2758 pedicellatis.
1892 2700 2004 2754 peri-

307 2763 432 2815 gonio
458 2775 584 2804 roseo
608 2763 660 2804 ad
689 2762 740 2816 ³l4
769 2762 810 2804 in
839 2763 1014 2806 lacinias
1037 2766 1184 2805 ovalas
1213 2763 1383 2817 partito.
1420 2763 1629 2816 pedicello
1664 2761 1885 2803 fructifero
1912 2771 2003 2801 cer-

308 2835 408 2873 nuo,
452 2821 641 2864 aelieniis
676 2821 836 2864 crassis
869 2821 1013 2876 opacis
1042 2822 1257 2875 punctalis
1289 2827 1324 2870 5.
1359 2821 1408 2864 P.
1443 2819 1758 2874 oliyophyllzcm
1786 2819 1923 2861 Boiss.
1958 2818 2001 2862 in

305 2881 385 2934 Ky.
412 2880 565 2923 Schesl.
597 2881 681 2923 488
717 2892 871 2922 nomen
896 2881 1118 2936 anliquius
1146 2882 1223 2924 sed
1251 2881 1395 2923 minus
1419 2883 1583 2934 aptum.

354 2955 455 2989 Hah.
476 2955 513 2989 in
534 2954 667 2989 Persia
685 2954 785 2989 inter
805 2953 904 2989 Fasa
922 2955 960 2989 et
978 2953 1138 2990 Schiraz
1165 2954 1309 2999 (Auch.
1327 2953 1451 2998 5277),
1476 2954 1516 2989 in
1544 2952 1632 2999 alpe
1657 2952 1752 2989 Kuh
1778 2951 1883 2988 Delu
1908 2949 2001 2997 (Ky.

306 3000 425 3048 4681),
444 3002 485 3037 in
505 3001 647 3047 apricis
666 3001 861 3037 montium
883 3001 1039 3037 Sawers
1059 3004 1096 3038 et
1114 3001 1205 3037 Kuh
1227 3002 1311 3038 Nur
1327 3000 1522 3038 10-13000'
1541 2999 1768 3046 (Hausski).
