2065 3271
109 181 294 230 Tkymus.
868 185 1066 212 LABIATAE.
1757 178 1828 218 559

165 268 203 308 8.
237 266 290 309 T.
324 265 683 310 decussatus
716 260 833 315 (Bth.
859 260 960 303 Lab.
987 274 1035 314 p.
1077 259 1183 314 482)
1216 258 1528 302 suffraticosus
1556 259 1822 305 durnulosus

107 325 301 378 pumilus
335 325 468 367 ramis
505 321 713 366 tenuibus
748 318 1130 364 albo—tomentellis
1168 318 1326 361 erectis
1359 317 1511 371 rigidis
1546 320 1749 373 opposite
1782 326 1825 362 et

111 383 260 426 stricte
296 383 528 426 ramulosis
570 379 757 423 vetustis
796 377 1162 432 spinescentihus,
1206 377 1321 419 foliis
1363 377 1512 431 parvis
1553 379 1824 422 lenient-eliis

109 446 292 495 anguste
337 441 578 485 linearibus
616 438 811 491 margine
850 437 1060 480 revolutis
1106 436 1280 480 obtusis
1335 435 1498 478 strictis
1548 439 1824 481 ramulorum

106 501 324 544 sterilium
358 502 493 543 dense
528 497 786 545 decussatis
826 495 1052 538 floralibus
1090 494 1403 546 conformibus,
1444 494 1629 538 floribus
1672 498 1823 549 pauci}

104 557 242 602 dense
267 559 537 614 capitellatis.
570 555 792 611 pedicellis
829 555 993 597 strictis
1015 556 1159 609 calyce
1188 552 1485 604 brevioribus,
1517 554 1677 607 calycis
1701 556 1820 607 glan-

108 617 476 672 duloso·punctati
503 621 546 661 et
571 614 779 670 hispiduli
816 613 886 654 vix
913 613 966 654 ad
1001 615 1193 657 medium
1222 611 1416 653 bilabiati
1451 611 1563 654 labio
1591 615 1821 667 superiore

107 674 367 721 brevissime
391 681 433 719 et
459 674 760 720 obtusiuscule
790 673 1042 723 tridentato,
1071 673 1279 716 inferiore
1305 671 1552 725 aequilongo
1584 672 1625 713 in
1667 672 1820 717 dentes

103 736 336 779 subulatos
385 737 549 779 ciliatos
600 734 719 777 fisso.
770 732 941 774 corollae
986 732 1141 774 albidae
1191 729 1294 774 tubo
1342 730 1538 772 breviter
1582 736 1757 774 exserto
1785 740 1818 779 5.

106 793 151 835 T.
176 795 516 848 quadranyulus
540 795 642 837 Ehr.
674 790 758 834 Mss
779 792 786 833 !

153 868 254 905 Hab.
282 870 320 904 in
349 870 592 916 rupestribus
618 867 778 904 Arabiae
808 867 949 912 petreae
976 865 1017 899 in
1048 867 1182 900 monte
1206 862 1313 899 Sinai
1332 861 1450 907 (Ehrt
1473 860 1619 907 ssovei)
1643 867 1679 898 et
1700 874 1820 911 prope

103 914 247 952 Bestan
266 916 453 963 (Schimp.
472 917 588 961 3781).
618 914 787 951 Arabice
807 911 1040 949 Saetheran.

151 971 306 1008 Dumus
324 972 589 1019 semipedalis,
610 970 708 1007 folia
725 968 788 1005 2-:3
806 968 930 1004 lineas
951 967 1084 1013 longa,
1101 965 1250 1003 corolla
1272 966 1340 1001 vix
1360 969 1438 1001 tres
1458 964 1584 1002 lineas
1602 967 1733 1012 longa.
1758 967 1819 1004 Ab

98 1019 289 1055 omnibus
319 1019 359 1055 T.
384 1018 561 1067 Ser-pyllz'
584 1021 622 1055 et
645 1017 781 1055 striati
814 1015 950 1051 formis
981 1015 1101 1050 ramis
1132 1014 1312 1061 opposite
1347 1012 1558 1049 ramulosis
1593 1017 1630 1049 et
1659 1013 1818 1051 taudem

100 1059 491 1113 subspinescentihus‘
514 1067 706 1103 diversus.

164 1166 203 1208 9.
236 1165 288 1208 Τ.
322 1165 606 1221 Syriacus
640 1163 800 1218 (Boiss.
843 1162 995 1215 Diagn.
1036 1161 1130 1204 Ser.
1166 1161 1199 1212 l,
1238 1161 1290 1202 12
1318 1172 1358 1213 p.
1391 1158 1468 1213 47)
1505 1159 1816 1205 suffruticosus

100 1224 365 1269 dumulosus
400 1238 421 1267 a
449 1228 571 1279 parte
595 1223 805 1266 inferiore
842 1220 1170 1264 ramosissimus
1201 1219 1335 1261 ramis
1370 1219 1617 1261 numerosis
1657 1220 1815 1263 erectis

101 1282 374 1338 simplicibus
416 1283 594 1337 virgatis
639 1279 950 1324 remotiuscule
988 1279 1155 1322 foliosis
1195 1277 1351 1321 albidis
1391 1276 1477 1319 sub
1515 1277 1631 1320 lente
1668 1278 1811 1327 hirtis,

103 1341 217 1385 foliis
255 1343 487 1386 sessilibus
521 1341 673 1396 rigidis
707 1338 1038 1393 erecto-patulis
1071 1335 1500 1388 lineari-lanceolatis
1534 1337 1815 1381 acutiusculis

100 1401 255 1445 crebre
278 1403 496 1455 punctatis
522 1400 686 1454 glabris
712 1399 806 1441 basi
834 1397 1090 1452 parcissime
1117 1396 1337 1446 ciliatulis,
1374 1395 1563 1449 capitulo
1592 1396 1811 1438 terminali

101 1464 228 1503 ovato
270 1461 418 1509 denso,
460 1460 647 1503 bracteis
687 1456 1035 1509 ovato-oblongis
1072 1456 1275 1499 elevatim
1317 1454 1582 1498 5·7-nerviis
1627 1454 1812 1497 liii-tellis

98 1519 270 1572 calyces
294 1518 666 1575 subae-quantibus,
702 1518 848 1571 calyce
871 1516 1066 1558 breviter
1103 1514 1278 1558 birtello
1309 1517 1516 1569 punctato
1559 1511 1681 1555 labiis
1710 1514 1813 1555 sub-

99 1578 360 1633 aequilongis
386 1579 615 1633 superiore
653 1578 738 1620 lato
775 1575 958 1628 oblongo
996 1574 1115 1628 apice
1152 1574 1447 1617 minutissime
1482 1571 1811 1617 tridenticulato

100 1635 308 1680 inferiore
345 1638 389 1681 in
422 1638 574 1681 dentes
605 1640 800 1680 setaceos
841 1634 1006 1677 ciliatos
1043 1632 1264 1688 bipartito,
1297 1633 1469 1676 corollae
1497 1642 1672 1673 cernuae
1706 1635 1813 1675 tubo

99 1694 295 1738 breviter
328 1701 502 1740 exserto
529 1705 565 1745 5.
607 1694 680 1738 le.
714 1693 982 1737 lanceolatus
1020 1705 1110 1735 var.
1145 1691 1470 1744 anqustifolius
1499 1689 1596 1732 Bth.
1641 1691 1684 1733 in
1726 1703 1810 1733 oie.

101 1752 255 1797 Prodr.
283 1755 381 1806 XII,
406 1769 443 1810 p.
470 1757 566 1798 203.

150 1827 248 1863 Hab.
278 1830 316 1864 in
344 1829 558 1875 Caelesyria
585 1828 636 1865 ad
664 1828 813 1864 radices
834 1827 979 1863 montis
999 1825 1173 1862 Makmel
1199 1835 1320 1872 prope
1351 1824 1523 1861 Balbeck
1550 1824 1733 1868 (Boiss!)‚
1764 1823 1814 1860 ad

97 1873 226 1910 Ouadi
246 1875 282 1911 el
302 1875 405 1912 Karn
428 1879 463 1912 et
484 1876 610 1912 Kalaa
631 1874 803 1922 Djendel
823 1873 994 1919 (Gailli),
1022 1883 1145 1920 prope
1165 1873 1356 1918 Hasbeya
1373 1872 1463 1918 (Ky.
1482 1871 1599 1916 2501),
1621 1872 1662 1906 in
1682 1873 1814 1908 monte

101 1921 254 1958 Amano
273 1933 391 1970 prope
412 1923 551 1959 Beilan
575 1923 667 1968 (Ky.
687 1922 748 1959 591
777 1922 905 1957 forma
929 1920 1096 1957 bracteis
1115 1920 1333 1966 maj0ribus
1356 1919 1503 1965 calycis
1526 1918 1709 1954 dentibus
1729 1917 1814 1953 lon·

97 1968 294 2015 gioribus)
312 1971 411 2006 inter
430 1971 555 2007 Homs
577 1972 614 2006 et
635 1969 789 2016 Tripoli
807 1969 971 2014 (Posti),
989 1970 1089 2004 circa
1107 1968 1261 2014 Aleppo
1280 1966 1411 2010 (Boiss
1424 1968 1463 2012 ἔ),
1490 1967 1591 2002 inter
1609 1966 1755 2001 Aintab
1776 1967 1814 2001 et

100 2015 270 2052 Arablar
296 2020 333 2053 et
357 2019 396 2053 in
420 2018 596 2054 arenosis
626 2027 746 2065 prope
773 2015 884 2052 Erbil
909 2019 947 2052 et
964 2015 1211 2051 Sulimanieb
1229 2013 1405 2060 (Haussk
1415 2016 1453 2059 1),
1484 2014 1585 2049 inter
1602 2011 1759 2048 Bauerd
1778 2013 1813 2047 et

98 2061 231 2099 Semel
252 2063 343 2110 (ΚΥ.
363 2064 479 2110 4281).

148 2118 264 2155 Rami
297 2120 443 2156 novelli
477 2119 807 2167 6-10-pollicares‚
840 2119 934 2156 folia
958 2118 1023 2155 5-8
1051 2118 1177 2154 lineas
1202 2118 1321 2163 longa
1349 2116 1497 2153 lineam
1524 2116 1614 2160 lata,
1646 2116 1762 2152 flores
1792 2116 1814 2152 4

100 2163 224 2202 lineas
242 2167 360 2213 longi.
394 2168 517 2203 Foliis
537 2168 716 2213 augustis
734 2167 869 2212 acutis,
899 2166 1044 2212 calycis
1069 2166 1196 2202 forma
1222 2175 1244 2200 a
1280 2163 1320 2200 T.
1341 2163 1560 2201 lanceolata
1583 2163 1689 2199 Desf.
1712 2162 1812 2199 Afri-

96 2221 196 2249 cano
213 2215 375 2250 omnino
396 2215 563 2251 alienus.
594 2215 752 2262 Species
769 2213 915 2260 calycis
937 2213 1042 2249 labio
1066 2212 1266 2259 superiore
1282 2212 1365 2248 lato
1384 2211 1690 2253 tridenticulato,
1707 2210 1814 2246 foliis

101 2258 223 2296 firmis
250 2261 373 2297 acutis
392 2262 570 2308 insignis,
590 2271 678 2297 cum
699 2262 878 2308 sequenti
909 2260 961 2296 ob
989 2260 1176 2296 habitum'
1199 2262 1236 2296 et
1267 2259 1445 2296 bracteas
1473 2259 1572 2294 latas
1602 2257 1812 2295 transi-um

97 2306 157 2343 ad
172 2307 561 2356 Pseudothymbram
578 2308 770 2356 praebens.

159 2403 227 2448 10.
259 2406 312 2449 Τ.
349 2407 625 2452 Cilicicus
658 2407 821 2462 (Boiss.
847 2410 889 2450 et
918 2406 1005 2449 Bal.
1042 2406 1199 2460 Diagn.
1227 2405 1318 2448 Ser.
1346 2405 1400 2452 ΙΙ,
1427 2407 1453 2447 4
1479 2419 1516 2459 p.
1541 2407 1588 2459 8)
1612 2404 1812 2448 suffrati-

96 2474 227 2507 cosus
263 2480 285 2508 a
318 2471 438 2520 parte
476 2466 672 2509 inferiori
706 2465 1032 2509 ramosissimus
1058 2465 1192 2509 ramis
1228 2465 1383 2507 erectis
1416 2464 1626 2507 brevibus
1654 2463 1812 2506 crebre

99 2521 264 2569 foliosis
289 2525 478 2570 lut-tulis,
503 2525 615 2568 foliis
640 2524 872 2569 sessilibus
900 2525 1066 2568 strictis
1103 2523 1643 2578 subulato-subtriquetris
1671 2528 1811 2564 acutis

101 2583 323 2634 pruinosis
360 2589 402 2626 et
433 2583 530 2627 ‘basi
567 2584 740 2634 cibatis,
782 2582 973 2638 capitulo
1009 2583 1227 2628 terminali
1269 2581 1404 2625 denso
1439 2587 1582 2632 ovato,
1626 2580 1812 2625 bracteis

100 2639 315 2685 villosulis
348 2643 486 2685 ovatis
520 2642 851 2697 abruptiuscule
887 2643 1151 2685 acuminatis
1185 2641 1353 2694 calyces
1392 2639 1813 2694 subsuperantibus,

99 2699 255 2754 calycis
280 2701 382 2744 hirti
410 2701 569 2744 rubelli
595 2701 707 2745 labio
731 2702 964 2756 superiore
994 2701 1047 2743 ad
1072 2705 1272 2756 quartam
1303 2705 1468 2753 partem
1495 2704 1619 2742 acute
1649 2697 1816 2742 triden-

98 2759 186 2801 tato
214 2760 418 2802 inferiore
443 2762 483 2803 in
512 2760 665 2803 dentes
689 2761 919 2803 subulatos
946 2759 1151 2814 bipartito
1179 2759 1385 2802 dentibus
1410 2758 1617 2802 omnibus
1641 2757 1813 2806 ciliatis,

96 2818 270 2861 corollae
291 2830 527 2873 purpureae
549 2819 654 2862 tubo
684 2819 850 2862 incluso
875 2824 917 2870 5.

148 2889 245 2926 Hah.
272 2892 311 2927 in
343 2892 511 2928 collibus
539 2892 724 2928 caleareis
750 2892 896 2928 Ciliciae
933 2891 983 2928 ad
1015 2893 1320 2940 septentrionem
1355 2893 1464 2929 urhis
1495 2892 1642 2928 Tarsus
1674 2890 1822 2936 (Dalm

99 2945 220 2984 prope
239 2940 444 2975 Anamour
462 2939 606 2984 (Peron
619 2941 657 2986 l),
679 2939 880 2975 montibus
901 2939 1052 2976 Kassan
1074 2940 1207 2986 Oghlu
1226 2940 1373 2976 Ciliciae
1392 2939 1592 2977 orientalis
1612 2939 1739 2985 (Kyl).
