2100 3262
243 246 315 284 954
958 249 1230 277 SALSOLACEAE.
1763 240 1931 277 Salsola.

293 330 394 365 Hab.
414 330 454 364 in
474 328 627 363 deserto
649 325 851 362 Kisilkum
874 324 1146 361 Turkestaniae
1172 333 1250 358 non
1275 322 1411 370 procul
1435 333 1458 357 a
1476 322 1657 360 Buchara
1677 323 1861 368 (Lehm.),
1890 324 1931 359 in

245 377 383 412 salinis
402 375 467 411 Uli
486 375 630 410 Persiae
657 374 739 408 bor.
772 373 947 418 (Seidlt).
977 373 1017 406 in
1046 370 1241 405 sabulosis
1267 371 1411 408 Persiae
1443 369 1802 405 austro-orientalis
1831 371 1932 406 inter

246 423 417 459 Kerman
436 424 472 457 et
488 421 582 457 Jezd
605 422 643 455 et
660 420 710 455 ad
728 421 903 456 Bachtan
926 418 1070 463 (Egel).

294 487 433 522 Planta
465 484 753 520 characteribus
780 482 817 519 S.
840 481 942 518 Kali.
962 479 1090 515 affinis
1119 480 1187 515 sed
1218 480 1364 525 habitu,
1396 479 1502 516 foliis
1530 479 1733 514 floralibus
1758 479 1930 514 breviter

245 533 458 580 cuspidatis
486 542 565 566 non
592 530 857 577 pungentibus
886 529 924 565 S.
946 527 1061 564 Sodae
1082 527 1279 563 accedens.
1314 526 1585 572 Semipedalis,
1616 525 1713 561 folia
1743 526 1931 561 inferiora.

246 579 596 626 sesquipollicaria,
624 577 695 613 alae
713 578 880 623 maJores
898 574 1098 611 latissimae
1117 576 1194 609 tres
1210 574 1335 609 lineas
1354 573 1483 619 longae
1504 573 1570 609 5-6
1586 572 1687 618 latae,
1714 573 1785 608 alae
1802 572 1929 607 mino·

246 637 306 663 res
328 627 441 662 lineae
463 625 573 670 ³s4-72
593 624 733 670 longae.

308 744 346 785 5.
379 741 429 785 S.
453 741 586 784 Kali
614 740 682 796 (L.
709 739 778 793 Sp.
806 737 908 792 322)
933 750 1074 780 annua
1099 737 1210 779 hirta
1236 737 1299 779 vel
1324 736 1620 789 glabrescens,
1647 734 1768 777 caule
1792 747 1814 776 a
1841 735 1933 777 basi

249 801 518 844 divaricatim
556 811 724 842 ramoso
756 797 975 850 ramisque
1005 796 1164 840 crassis
1199 796 1316 837 hisce
1352 794 1515 837 striatis
1551 797 1710 847 praeter
1744 794 1934 837 centrale

247 864 440 903 erectum
461 856 842 912 procumbentibus
860 855 925 896 vel
943 854 1290 906 ascendentibus,
1304 853 1416 895 foliis
1434 853 1613 895 alternis
1628 852 1787 895 crassis
1803 865 1824 893 a
1843 852 1933 895 basi

248 917 657 972 semiamplexicauli
690 913 936 958 lanceolatis
975 914 1094 967 apice
1129 912 1342 956 subulatis
1374 911 1561 965 spinosis
1597 911 1932 963 semiteretibus‚

247 978 433 1020 floribus
472 975 674 1018 solitariis
711 975 779 1017 vel
817 970 1165 1025 2-3‘glomeratis
1203 970 1455 1013 axillaribus
1490 970 1588 1024 plus
1622 971 1766 1011 minus
1802 970 1934 1012 dense

249 1036 437 1090 spicatis‚
462 1034 646 1078 bracteis
674 1047 695 1075 a
728 1032 820 1075 basi
847 1033 971 1073 ovata
1000 1030 1292 1086 pungentibus
1325 1028 1545 1083 pei-igonio
1581 1027 1934 1080 sublongioribus

248 1093 608 1149 spinescentibus,
628 1091 846 1145 perigenio
867 1090 1085 1132 fructifero
1103 1089 1377 1142 cartilagineo
1396 1088 1485 1130 basi
1508 1087 1750 1137 rotundato,
1776 1086 1933 1139 phyllis

250 1154 389 1196 medio
423 1153 551 1195 dorso
581 1153 659 1193 alis
683 1148 874 1193 obovatis
911 1150 977 1191 vel
1004 1148 1310 1191 reniformibus
1345 1146 1462 1188 varie
1497 1145 1719 1199 explicatis
1748 1146 1931 1187 Instruc-

248 1212 304 1254 tis
336 1218 401 1262 Θ.
434 1212 475 1254 Ic
512 1211 570 1251 Fl.
596 1210 702 1251 Dan.
729 1210 826 1252 818.
848 1230 908 1238 ——
932 1206 1044 1251 Nees
1070 1208 1175 1251 Gen.
1198 1205 1344 1247 Germ.
1374 1206 1425 1248 Ic.
1444 1227 1502 1236 —
1526 1204 1567 1247 S.
1594 1216 1771 1246 rosacea
1796 1203 1932 1245 Smith

247 1271 401 1313 Prodr.
430 1283 514 1312 non
542 1268 587 1309 L.

295 1345 394 1379 Hab.
416 1345 455 1379 in
472 1342 585 1378 salsis
604 1342 810 1377 maritimis
837 1343 874 1377 et
898 1340 1149 1376 interioribus
1179 1339 1339 1375 ditionis
1366 1349 1389 1373 a
1417 1337 1585 1374 Graecia!
1617 1338 1654 1372 et
1681 1335 1934 1371 Macedonia!

248 1391 298 1427 ad
323 1392 542 1436 Egyptunil
573 1399 682 1435 prov.
719 1389 968 1425 Caucasicasl
999 1387 1193 1422 persiam!
1227 1385 1554 1422 Turkestaniam!
1586 1383 1866 1429 Affghaniam!‚
1893 1382 1934 1417 in

245 1438 360 1474 salsis
382 1436 635 1473 interioribus
657 1435 850 1471 Anatoliae
870 1434 952 1470 bor.
971 1434 1149 1480 (Wiedl)‚
1173 1433 1432 1479 Cappadoeiae
1453 1431 1588 1476 (Ball).

305 1503 348 1557 β.
371 1503 550 1554 Trogus
590 1524 634 1529 ·-
658 1500 779 1553 Saepe
807 1500 1068 1550 calvescens,
1099 1498 1307 1553 perigenii
1334 1496 1544 1540 fructiferi
1567 1496 1644 1537 alae
1672 1496 1933 1538 rudimenta-

247 1562 322 1605 riae
343 1573 456 1615 saepe
489 1560 540 1602 ad
564 1560 751 1602 carinam
780 1563 1076 1601 transversam
1112 1558 1313 1599 reductae.
1341 1579 1390 1585 —
1413 1554 1456 1598 S.
1481 1555 1649 1607 Trayus
1673 1554 1777 1596 ΜΒ.
1803 1552 1931 1607 Casp.

245 1694 391 1786 (BHIa'b.
413 1696 627 1775 curlnbtpr
654 1691 878 1737 Zacynthus
895 1690 1068 1736 (Orphl),
1094 1689 1382 1735 Archipelagus
1400 1687 1576 1733 (Simu),
1605 1687 1756 1722 Pontus
1774 1686 1935 1722 Lazieus

300 1752 322 1776 a
348 1746 374 1787 .)
393 1745 467 1776 eta
488 1742 499 1775 i
529 1740 555 1775 i.

305 1827 347 1867 γ.
377 1805 610 1858 tenmfolz‘a
636 1806 743 1859 Moq.
773 1827 823 1834 —
853 1803 968 1845 Folia
1006 1802 1203 1845 tenuiora
1235 1799 1448 1844 filiformia
1487 1800 1694 1853 elongata,
1726 1799 1934 1853 perigenii

245 1867 322 1910 alae
345 1868 515 1910 breves.
543 1890 596 1895 —
630 1864 670 1907 S.
700 1865 869 1916 Tramas
898 1862 942 1903 L.
968 1861 1040 1916 Sp.
1067 1862 1166 1904 322.

291 1940 394 1976 Hah.
408 1940 448 1974 in
463 1939 631 1984 Georgia
652 1937 867 1972 Caucasio&
885 1934 1094 1979 (wiltun),
1113 1932 1376 1969 Turkestania
1395 1931 1535 1977 (Lehm
1547 1932 1572 1976 1)
1591 1933 1629 1966 et
1646 1931 1753 1967 alibi.

290 2005 351 2040 Ar.
374 2005 504 2048 Geoqr.
532 2002 690 2048 Europa
718 2000 855 2045 omnis,
885 1999 1039 2045 Sihiria,
1072 1999 1208 2034 Africa
1233 1998 1405 2033 borealis
1433 1999 1472 2032 et
1498 2006 1656 2043 quoque
1674 1995 1807 2031 Africa
1840 1995 1934 2032 Asia

245 2052 419 2098 tropicae,
436 2050 631 2085 America.
833 2050 835 2053 ’

303 2168 341 2209 6.
376 2165 426 2209 S.
455 2164 656 2219 spissa
678 2162 804 2217 (ΜΒ.
830 2161 951 2203 Mem.
976 2160 1102 2203 Mose.
1125 2160 1157 2213 Ι,
1180 2174 1219 2215 p.
1253 2160 1354 2214 140]
1380 2171 1522 2202 annua
1551 2160 1771 2203 fruetit'era
1797 2159 1931 2204 inter-

246 2227 348 2269 dum
365 2225 456 2267 basi
478 2224 678 2265 indurata
698 2223 846 2275 glauca
864 2220 1287 2273 villoso-pubescens
1306 2219 1476 2262 tandem
1499 2219 1791 2272 glabrescens‚
1812 2220 1933 2264 caule

247 2288 388 2330 erecto
407 2283 525 2326 tenui
543 2283 631 2324 fere
650 2295 671 2322 a
690 2280 781 2322 basi
804 2279 1046 2322 alternatim
1071 2291 1239 2321 ramoso
1257 2279 1475 2331 ramisque
1494 2278 1649 2329 firmis,
1673 2278 1783 2321 foliis
1804 2278 1934 2321 alter·-

248 2345 314 2387 nis
340 2342 530 2387 carnosis
565 2339 838 2383 filiformibus
866 2337 1034 2380 obtusis
1061 2337 1232 2380 muticIs
1270 2350 1368 2378 mox
1400 2336 1593 2379 deciduis
1628 2337 1933 2390 superioribus

247 2401 525 2446 abbreviatis,
552 2397 774 2440 floralibus
802 2397 883 2440 late
907 2396 1046 2439 ovatis
1072 2396 1351 2439 acutiusculis
1376 2395 1612 2439 bracteolas
1639 2396 1933 2450 subaequanti-

247 2462 345 2513 bus,
370 2459 551 2503 floribus
567 2457 771 2500 solitariis
789 2455 979 2499 tenuiter
995 2455 1127 2497 dense
1144 2454 1211 2496 vel
1229 2455 1467 2498 laxiuscule
1490 2454 1679 2509 spicatis,
1702 2455 1932 2498 bracteolis

246 2521 376 2564 dorso
401 2520 492 2575 late*
513 2515 705 2559 carnosis
732 2514 981 2558 orbiculatis
1012 2513 1292 2557 subconcavis
1322 2513 1932 2567 membranaceo-marginatis,

246 2579 457 2635 pei-igonii
474 2575 608 2630 glabri
633 2573 842 2616 fructiferi
858 2573 1023 2615 laciniis
1043 2572 1438 2616 ovato-lanceolatis
1461 2572 1741 2614 acutiusculis
1758 2571 1930 2615 demum

247 2632 827 2682 discoideo-conniventihus,
844 2631 923 2674 alis
947 2644 999 2674 ex
1024 2631 1162 2674 medio
1186 2631 1314 2674 dorso
1344 2631 1451 2673 ortis
1474 2631 1834 2674 semiorbieulatis
1862 2631 1930 2674 vel

245 2691 746 2739 transverselatiorihus
769 2691 1088 2734 rufesceutibus
1112 2695 1174 2740 Θ.
1201 2689 1241 2731 S.
1259 2689 1453 2732 nit-raria
1470 2689 1574 2732 Pall.
1596 2690 1660 2732 ΠΙ.
1681 2689 1762 2745 tab.
1793 2690 1854 2731 15.
1874 2713 1930 2720 --

246 2755 277 2799 S
319 2755 598 2796 z'neavnescerzs
631 2749 732 2792 CA.
762 2750 870 2803 Mey.
896 2750 937 2790 in
966 2750 1120 2792 Eicbw.
1154 2749 1278 2802 Casp.
1312 2762 1354 2802 p.
1382 2750 1434 2790 35
1463 2748 1545 2791 tab.
1571 2750 1625 2791 26
1652 2748 1809 2804 (forma
1836 2761 1930 2802 par·

245 2815 363 2857 tibus
386 2811 611 2855 floralibus
635 2809 827 2851 villosior
849 2808 1032 2863 incana).
1052 2807 1164 2850 -Ξ,
1189 2807 1398 2849 ericoides
1422 2820 1512 2850 var.
1543 2806 1802 2860 leucooeybon
1821 2808 1928 2863 Moq.

244 2874 288 2917 in
316 2885 398 2916 oc.
422 2870 576 2913 Prodr.
606 2880 645 2921 p.
672 2868 752 2910 183
777 2879 830 2910 ex
855 2868 905 2909 cl.
932 2868 1033 2921 Bge.
1056 2890 1114 2898 -
1134 2866 1178 2909 S.
1205 2866 1444 2909 suaedoides
1467 2866 1574 2921 Moq.
1598 2866 1640 2909 in
1668 2878 1747 2908 Dc.
1775 2864 1926 2909 Prodr.

249 2947 288 2986 p.
312 2933 394 2974 16⁵2
418 2943 469 2973 ex
493 2928 623 2972 dese?
640 2951 693 2957 -—
717 2925 954 2978 Haloyeton
969 2925 1287 2968 ‚laubertianas
1311 2926 1397 2969 Bal.
1417 2927 1474 2979 pl.
1499 2937 1589 2968 exs.
1616 2950 1669 2954 —
1691 2924 1926 2978 Haloyeton

245 2989 425 3035 Olivz'eri
447 2989 554 3043 Moq.
583 2986 714 3029 Chen.
744 2998 779 3039 p.
812 2986 904 3027 159.
932 3008 988 3014 ——
1009 2984 1134 3027 Jaub.
1158 2989 1202 3028 et
1224 2984 1296 3040 Sp.
1318 2985 1384 3027 Ill.
1413 2985 1485 3029 Or.
1512 2984 1595 3027 tab.
1625 2985 1724 3027 134.
