2100 3262
286 225 357 264 900
993 237 1267 264 SALSOLACEAE.
1867 231 1983 271 Beca.

283 308 406 364 tubus
430 309 627 356 perigonii
648 310 842 347 fructiferi
863 320 1021 347 erronee
1038 310 1284 346 sexcostatus
1305 308 1355 344 ab
1375 309 1602 366 auctoribus
1621 310 1772 347 dicitur.
1792 310 1885 363 Haec
1898 324 1985 360 spe-

286 358 678 441 gisseisseaegffieiltffes
709 357 910 394 solitarios
942 368 1015 394 nec
1041 360 1174 394 ternos
1205 367 1228 393 a
1254 355 1301 392 Β.
1326 361 1487 404 trzyyna
1518 357 1614 393 facie
1647 357 1771 394 simili
1798 360 1898 396 mihi
1921 363 1987 400 vix

343 507 381 547 ὃ.
417 506 476 548 Β.
508 504 868 549 intermedia
893 505 1060 560 (Bunge
1089 504 1131 547 in
1167 504 1266 555 litt.)
1292 504 1513 557 perennis,
1540 503 1661 548 caule
1693 509 1835 549 erecto
1868 507 1985 561 apice

283 565 739 621 paniculato-ramoso,
763 565 872 608 foliis
899 564 1164 607 radicalibus
1194 564 1316 618 longe
1338 563 1553 617 petiolatis
1581 564 1719 607 oratis
1745 577 1859 619 saepe
1882 568 1985 610 sub-

281 624 482 674 cordatis,
525 623 829 677 superioribus
872 623 1334 677 oblongo-lanceolatis
1374 623 1527 673 acutis,
1579 622 1760 666 floribus
1807 625 1982 678 spicatis

281 684 486 728 solitariis
517 682 583 725 vel
607 683 772 725 2·3-nis
796 682 1059 736 glomerans,
1085 682 1298 738 perigonii
1331 682 1496 724 lacinus
1524 683 1605 725 late
1640 683 1984 737 hyalino-margi-

281 743 394 786 natis
420 743 575 785 obtuse
598 742 935 786 carinam-alans
958 742 1000 783 in
1029 742 1172 784 fructu
1201 742 1699 784 erecto-connirentibus
1729 742 1830 784 tubo
1856 743 1982 798 quln-

283 806 550 858 queeostato,
580 802 856 855 stigmatibus
882 801 1020 844 tribus
1045 800 1544 843 lanceolam-linearibus
1571 801 1817 844 divaricatis
1847 808 1905 850 36.

333 878 498 970 {Ilmffiill'l
516 877 705 970 {ligatolia
721 887 842 924 prope
861 876 1003 920 Tokat‚
1020 876 1185 912 Amasia
1214 878 1252 912 et
1269 876 1477 923 Toptscha‚
1505 876 1606 912 inter
1624 877 1794 912 Gheiwa
1820 879 1858 913 et
1884 877 1987 914 The-

286 932 331 963 ra
380 938 391 961 1
479 936 513 961 le
584 953 590 960 .

335 982 476 1017 Planta
502 981 605 1017 elata
633 981 731 1016 facie
762 979 808 1016 B.
830 981 1000 1026 trz'yynae
1024 982 1062 1015 et
1087 978 1351 1024 lomatoqonoe
1381 989 1403 1014 a
1436 979 1583 1025 quibus
1611 980 1807 1026 perigonii
1833 979 1990 1017 laciniis

288 1027 474 1065 elevatim
494 1028 887 1064 carinato-subalatis
910 1028 989 1063 fere
1009 1029 1162 1063 tantum
1180 1027 1319 1063 differt.
1344 1027 1406 1062 An
1428 1027 1510 1062 haeo
1530 1028 1622 1062 nota
1640 1029 1701 1062 sat
1718 1028 1878 1073 gravis?

348 1130 390 1170 6.
429 1127 485 1170 B.
517 1126 924 1170 macrorrhiza
957 1124 1095 1179 (Stev.
1136 1125 1180 1167 in
1224 1124 1346 1167 Mem,
1388 1124 1482 1167 Soc.
1522 1125 1653 1179 Mosq.
1692 1125 1769 1176 III,
1801 1138 1843 1179 p.
1882 1127 1988 1181 257)

288 1187 513 1242 perennis,
528 1187 688 1239 glabra,
704 1185 845 1228 radice
864 1185 1076 1228 fusiformi
1092 1185 1232 1228 valida
1252 1183 1508 1238 multicipiti‚
1523 1185 1717 1228 caulibus
1737 1185 1983 1238 prostratis,

289 1246 403 1289 foliis
433 1245 890 1288 coriaeeo-carnosulis
918 1244 1056 1287 ovaiis
1091 1243 1383 1287 obtusissimis
1420 1244 1602 1287 summis
1633 1244 1986 1294 suborbieulatis,

289 1306 419 1360 spicis
461 1303 732 1358 simplicibus
783 1315 974 1357 superne
1021 1304 1223 1357 aphyllis‚
1267 1302 1450 1345 floribus
1496 1303 1632 1345 ternis
1676 1303 1987 1356 glomcrulatis,

288 1364 501 1419 per-igonii
527 1363 692 1406 laciniis
715 1362 912 1417 oblongis
942 1362 1111 1405 obtusis
1139 1362 1387 1417 patentibus
1414 1362 1588 1405 demum
1625 1362 1842 1412 carinatis,
1886 1363 1989 1416 stig-

289 1424 478 1466 matibus
500 1423 641 1465 tribus
666 1422 1093 1466 lineari-lanceolatis
1126 1428 1187 1470 26.

335 1495 436 1532 Hab.
462 1497 500 1531 in
525 1496 750 1542 subalpinis
772 1495 935 1531 ditionis
963 1495 1161 1530 Kubensis
1192 1495 1361 1532 Caucasi
1387 1505 1508 1541 prope
1540 1495 1736 1541 Chinalug
1763 1494 1921 1541 [Stevl),
1948 1495 1988 1531 in

290 1541 471 1580 districtu
491 1543 597 1579 Khoi
614 1553 725 1590 prov.
745 1543 985 1589 Aderbidjm
1003 1543 1146 1579 Persiae
1167 1542 1297 1588 (Szov.
1316 1553 1396 1578 exs
1416 1542 1487 1578 3¹22
1506 1553 1554 1578 ex
1574 1542 1653 1588 Bge
1672 1542 1712 1577 in
1734 1543 1838 1588 litt).

336 1600 428 1636 Vidi
447 1601 603 1635 tantum
624 1600 827 1645 specimen
845 1598 960 1634 valde
976 1597 1262 1645 incompletum
1281 1598 1453 1635 herbarii
1468 1598 1698 1635 Steveniani
1711 1598 1830 1645 hujus
1845 1598 1988 1644 speciei

289 1643 337 1684 de
359 1649 438 1694 qua
458 1646 649 1691 judicium
668 1647 767 1682 ferre
786 1656 866 1682 non
885 1645 1023 1682 audeo.

783 1790 1148 1841 cnanopomum
1176 1791 1238 1853 (t.
1266 1790 1361 1839 cen.
1395 1790 1516 1851 309).

349 1927 500 1970 Flores
540 1926 883 1980 hermaphroditi
932 1926 1176 1970 ebracteati.
1224 1926 1503 1980 Perigonium
1548 1926 1879 1983 quinquefldum
1920 1929 1987 1971 vel

290 1987 497 2040 partitum
539 1986 667 2029 dorso
698 1986 1142 2040 inappendieulatum.
1182 1985 1373 2029 StamIna
1409 1987 1603 2042 quinque
1641 1986 1725 2029 imo
1765 1986 1986 2039 perigonio

290 2044 467 2089 inserta.
504 2045 709 2099 Stigmata
734 2046 846 2088 bina.
882 2044 1106 2088 Utriculus
1144 2046 1579 2099 depresso-globosus
1604 2045 1824 2099 perIgonio
1852 2045 1987 2088 inclu·

292 2115 370 2147 sus
425 2109 467 2147 et
520 2104 572 2147 ab
624 2117 674 2147 eo
715 2105 837 2147 liber.
899 2104 1172 2159 PerIeapium
1233 2106 1609 2148 membranaceum
1668 2104 1985 2147 tenuissimum.

291 2160 466 2206 Semina
493 2164 773 2207 horizontalia
801 2163 1042 2218 (interdum
1068 2164 1112 2205 iu
1148 2164 1367 2206 nonnuffis
1394 2164 1621 2218 speciebus
1649 2175 1784 2219 pauca
1806 2163 1985 2206 vertica-

291 2220 380 2276 lia).
422 2223 610 2276 Embryo
642 2223 958 2277 peripherIcus.
994 2247 1048 2252 —
1072 2222 1228 2265 Herbae
1263 2222 1444 2266 floribus
1480 2223 1777 2276 glomerulatis
1811 2222 1986 2275 spicatis

291 2282 362 2324 vel
390 2282 660 2336 paniculatis.

321 2411 444 2456 SEcT.
485 2413 517 2456 I.
557 2411 971 2456 CHENEPODIASTRUM
1015 2412 1124 2466 Moq.
1161 2436 1217 2444 —
1258 2412 1446 2465 Embryo
1491 2413 1679 2466 perfecte
1721 2412 1958 2455 annularis.

821 2472 979 2515 Herbae
1005 2471 1197 2515 inodorae
1224 2470 1291 2514 vel
1318 2471 1485 2514 foetidae.

356 2587 392 2629 1.
436 2585 488 2628 C.
522 2583 974 2639 polyspermum
1005 2582 1071 2638 (L.
1109 2583 1180 2637 Sp.
1213 2583 1315 2636 321)
1352 2595 1544 2626 annuum
1582 2583 1810 2627 inodorum
1850 2583 1987 2627 viride

293 2645 362 2689 vel
400 2644 619 2687 rubellum
657 2642 878 2685 interdum
914 2643 1080 2685 minute
1115 2641 1371 2696 papillosum
1410 2655 1432 2684 a
1467 2643 1573 2684 collo
1614 2655 1728 2697 saepe
1768 2654 1985 2686 ramosum

293 2704 491 2747 caulibus
523 2702 707 2745 ramosis
729 2701 885 2744 erectis
909 2702 975 2745 vel
1001 2701 1185 2752 diffusis,
1210 2701 1323 2743 foliis
1348 2701 1528 2744 alternis
1555 2702 1744 2744 tenuiter
1771 2701 1986 2756 petiolatis

293 2763 432 2806 oratis
464 2761 531 2804 vel
567 2760 780 2814 oblongis,
811 2760 968 2803 rameis
1005 2760 1321 2802 subsessilibus
1360 2761 1623 2812 lanceolatis,
1654 2760 1834 2803 fioribus
1872 2771 1987 2803 nunc

294 2821 544 2876 glomeratis
588 2820 843 2862 axillaribus
875 2831 923 2862 ac
961 2820 1003 2861 in
1046 2819 1185 2873 spicas
1222 2819 1473 2862 terminales
1515 2820 1712 2874 aphyllas
1750 2819 1986 2872 dispositis.

294 2892 412 2923 nunc
438 2879 632 2934 eymulas
655 2878 912 2920 divaricatas
939 2878 1201 2921 dichotomas
1224 2878 1426 2921 axillares
1449 2878 1752 2929 formantibus,
1781 2877 1985 2931 perigonii

293 2939 461 2982 laciniis
497 2937 836 2982 membranaceis
870 2937 1009 2991 planis
1034 2937 1270 2979 fructiferis
1305 2936 1568 2991 patentibus,
1605 2937 1843 2979 seminibus
1875 2936 1987 2979 hori-

294 2997 540 3042 zontalibus
565 2997 711 3040 nitidis
740 2996 1005 3051 punctulatis
1036 3000 1099 3046 Θ.
1129 2995 1186 3039 Ie.
1215 2995 1279 3037 Fl.
1305 2996 1412 3038 Dan.
1434 2994 1516 3038 tab.
1537 2996 1662 3038 1153.
