2065 3271
138 244 345 283 Anabasz's.
858 255 1132 282 SALSOLACEAE.
1752 253 1820 288 971

197 327 234 368 8.
268 326 328 368 A.
366 337 566 369 annua
604 326 711 381 [ssge
747 326 881 370 Anab.
923 339 961 380 p.
1007 327 1074 382 26)
1111 341 1267 379 annua,
1304 334 1461 382 praeter
1499 333 1649 376 axillas
1695 346 1820 387 parce

140 385 362 427 villosulas
385 385 546 436 glabra,
579 386 699 428 caule
725 399 747 428 a
772 386 862 428 basi
903 385 1152 428 tricliotome
1179 388 1471 433 ramosissimo
1506 392 1820 446 lieniispberice

138 443 335 493 dumoso,
366 443 478 485 foliis
499 444 690 485 carnosis
719 444 1086 497 lineari-oblongis
1126 446 1243 498 apice
1283 447 1614 493 subincrassatis
1653 456 1694 495 et
1727 455 1818 495 seta

135 501 335 544 subulam
360 501 538 543 incurva
562 501 731 544 demum
761 502 939 544 decidua
964 503 1221 553 terminatis,
1248 505 1428 547 floribus
1457 508 1531 548 3-5
1556 508 1598 551 in
1617 511 1816 553 omnibus

136 560 276 601 axillis
311 559 558 612 glomeratis
595 561 982 612 numerosissimis,
1024 562 1292 605 staminodiis
1327 565 1567 607 rotundatis
1603 569 1814 620 ciliolatis‚

136 618 355 671 perigonio
381 618 600 660 fructifero
624 623 876 673 pentaptero
910 620 989 661 alis
1024 620 1518 665 renisormi-orbiculatis
1543 626 1816 681 subtuar-qna-

136 675 248 718 libus
276 683 339 726 O.

185 748 282 784 Hah.
303 749 343 783 in
364 748 531 784 collibus
550 749 804 785 sterilissimis
819 751 961 786 Persiae
979 751 1119 787 niediae
1141 752 1342 788 orlentalis
1357 754 1454 789 circa
1468 754 1558 790 Tun
1571 755 1813 793 Birdseliand

137 799 175 831 et
194 796 336 831 Ist'esar
355 796 483 841 (Bge).
509 797 599 831 Non
619 797 711 831 vidi.

183 859 322 894 Planta
342 859 628 905 2-7-p011icaris
650 860 755 895 foliis
778 862 906 896 affinis
925 862 974 897 A.
991 863 1170 907 seciserae.

452 1044 796 1093 BRACHYLEPIS
821 1044 933 1107 (CA.
954 1047 1054 1107 llley.
1082 1047 1140 1094 Fl.
1169 1047 1245 1094 Ait.
1278 1047 1310 1102 Ι,
1337 1061 1376 1108 p.
1404 1047 1520 1109 37⁰).

191 1186 339 1229 Flores
365 1185 705 1238 hermapliroditi
729 1185 976 1228 bibracteati
998 1186 1191 1229 solitarii.
1216 1187 1431 1239 Perigonii
1460 1188 1604 1242 pliylla
1623 1191 1672 1233 ad
1694 1193 1816 1235 basin

134 1256 273 1298 usqne
297 1245 431 1286 libera
458 1246 498 1287 in
522 1245 664 1287 fructu
693 1244 913 1286 immutata
940 1258 1021 1286 non
1046 1246 1167 1287 alata.
1211 1244 1474 1289 Staminodia
1509 1249 1700 1303 quinque
1733 1252 1819 1293 dis-

133 1304 262 1345 tincta
288 1302 561 1345 fimbriolata.
602 1303 807 1346 Antlierae
834 1304 1011 1345 mutieae.
1051 1303 1199 1356 Stylus
1227 1305 1512 1359 Stigmataque
1550 1307 1815 1352 abbreviata.

135 1359 356 1404 Utriculus
382 1373 586 1404 succesus
610 1362 674 1403 vel
703 1362 916 1404 baccatus.
942 1362 1162 1404 Radiculae
1188 1374 1298 1416 apex
1326 1365 1502 1407 inferus.
1531 1389 1583 1396 —
1606 1367 1817 1410 Fruticnli

133 1421 197 1462 vel
240 1420 383 1462 lterbae
421 1422 552 1462 ramis
591 1420 852 1462 articulat1s:
892 1420 1002 1462 soliis
1035 1422 1258 1474 oppositis.
1296 1447 1345 1452 —
1389 1422 1537 1465 Genus
1572 1427 1816 1478 proximum

132 1478 326 1521 Amtbasz'
351 1493 374 1521 a
399 1482 484 1533 qua
506 1479 726 1533 perigonio
754 1479 973 1522 fractilero
997 1491 1079 1521 non
1105 1480 1214 1522 alato
1240 1484 1404 1523 tantuin
1435 1482 1590 1526 differt.

193 1590 227 1630 1.
261 1588 316 1630 Β.
341 1587 505 1631 salsa
542 1588 661 1642 (ΟΛ.
701 1587 806 1640 Mey.
844 1588 922 1629 loc.
962 1589 1028 1630 eit.
1071 1600 1110 1641 p.
1147 1589 1252 1643 372)
1289 1590 1484 1633 caulibus
1526 1604 1548 1634 e
1583 1593 1819 1637 rliizomate

130 1646 293 1700 lignoso
323 1646 657 1701 persistentibus
682 1645 1080 1700 procumbentibus,
1106 1648 1240 1690 ramis
1269 1650 1423 1692 erectis
1447 1652 1816 1695 numerosissimis

128 1706 302 1759 pumilis
330 1706 596 1757 simplicibus
620 1706 684 1747 vel
708 1705 946 1758 fastigiati&
980 1706 1093 1748 foliis
1130 1719 1245 1748 nunc
1277 1708 1482 1750 obsoletis
1520 1722 1635 1752 nunc
1669 1716 1818 1764 puten-

127 1764 242 1807 tibus
266 1764 599 1818 snbcylindricis
623 1763 789 1807 obtusis
817 1766 908 1806 seta
930 1764 1108 1806 decidua
1134 1766 1370 1818 apiculatis,
1397 1768 1578 1811 ssoribus
1606 1769 1646 1811 in
1674 1771 1816 1823 spicas

127 1823 374 1866 terminales
409 1823 628 1876 dispositis
660 1822 936 1865 inferioribus
971 1824 1232 1866 subremotis
1271 1826 1573 1878 superioribus
1609 1829 1813 1882 approxi-

127 1881 265 1929 matis,
310 1882 516 1935 perigonii
554 1882 709 1936 phyllis
745 1882 1083 1925 membranaceis
1116 1883 1289 1925 demum
1328 1896 1459 1938 supra
1494 1887 1683 1929 medium
1710 1889 1814 1931 sub-

126 1940 340 1983 induratis
375 1941 608 1983 chartaceis
642 1940 779 1983 oratis
817 1945 858 1983 et
896 1940 1090 1994 oblongis
1128 1941 1294 1984 obtusis
1328 1949 1365 1991 5.
1413 1943 1470 1985 Ie.
1506 1943 1662 1987 Ledeb.
1698 1947 1811 1988 Icon.

127 1999 209 2041 tab.
239 2000 307 2040 48.
353 2024 403 2029 —
443 1999 521 2041 Br.
549 1999 729 2041 humilis·
753 1998 933 2053 Lessing
965 2000 1086 2042 Linn.
1122 2001 1245 2053 1839,
1278 2014 1316 2054 p.
1343 2003 1435 2044 198.
1474 2026 1522 2035 —
1568 2004 1813 2057 Microlepzs

125 2056 243 2099 salsa
266 2058 424 2101 Eicliw.
455 2057 575 2112 Casp.
604 2072 643 2111 p.
675 2060 715 2100 2.

173 2129 272 2165 Hal).
295 2130 334 2165 in
356 2131 520 2166 desertis
545 2131 744 2176 argillosis
764 2131 877 2166 salsis
895 2130 1168 2166 Tui-kosmutae
1191 2132 1376 2167 australis
1396 2133 1586 2179 (Lehnil).

171 2193 396 2230 Frustenlus
419 2194 609 2230 dulnosus
627 2195 692 2231 3-14
710 2196 838 2230 rarius
857 2194 1154 2241 5-6-pollicaris.

171 2258 233 2292 Ar.
254 2257 384 2302 Geoqr.
412 2258 553 2293 Rossia
573 2258 941 2303 austro-orientalis,
959 2258 1160 2303 Songaria,
1184 2258 1328 2294 Sibiria
1352 2259 1558 2296 Uraiensis.

186 2375 224 2415 ⁰2.
260 2374 315 2416 Β.
345 2372 625 2429 eriopoda
665 2372 783 2430 (ΩΑ.
819 2373 926 2427 Mey.
963 2374 1005 2415 in
1045 2373 1262 2415 Scllrenek
1296 2374 1405 2416 Bull.
1446 2376 1574 2418 Acad.
1613 2377 1809 2421 Petersb.

131 2433 252 2483 1843,
282 2446 320 2486 p.
346 2434 449 2486 360)
485 2433 679 2475 caulibus
703 2445 756 2475 ex
781 2433 954 2475 caudice
977 2444 1121 2474 crasso
1148 2432 1269 2475 brevi
1299 2434 1575 2477 villosissinio
1610 2436 1809 2488 pluribus

127 2490 216 2533 basi
254 2491 491 2534 articulatis
523 2492 741 2534 lierbaceis
777 2491 901 2544 paulo
936 2503 1068 2544 supra
1104 2491 1226 2533 basin
1267 2493 1518 2535 bracliiatim
1553 2494 1618 2536 bis
1645 2497 1709 2536 vel
1746 2500 1810 2537 ter

126 2551 434 2592 ramosissimis
470 2551 812 2603 liemispliericis,
852 2550 1046 2592 articulis
1075 2551 1296 2602 elongatiS,
1332 2552 1443 2592 soliis
1471 2554 1807 2606 ovato-triangu-

126 2607 288 2651 laribus
315 2610 511 2651 recurvis
539 2610 581 2651 in
605 2609 779 2651 aristam
805 2608 1026 2651 deciduam
1051 2609 1321 2657 acuminatis,
1348 2609 1529 2653 floribus
1555 2612 1605 2652 ad
1629 2614 1806 2665 enpnlas

126 2667 468 2710 internodiorum
501 2668 710 2722 oppositis
735 2667 859 2709 valde
885 2667 1164 2719 distantibus,
1204 2668 1413 2721 perigonii
1438 2669 1596 2723 phyllis
1625 2671 1808 2724 liyalinis

127 2726 369 2769 rotundatis
392 2728 461 2769 vel
483 2727 619 2769 ovatis
641 2726 874 2769 fructiferis
895 2726 983 2769 sere
1007 2726 1258 2779 immutatis,
1286 2727 1449 2768 semine
1477 2740 1626 2780 magno
1661 2736 1717 2776 36.

172 2800 273 2836 Hal).
300 2802 339 2835 in
365 2800 687 2846 argilloso-salsis
713 2802 856 2836 Pei-site
887 2801 1088 2836 orientalis
1119 2802 1246 2847 (Bge),
1287 2801 1556 2838 Turkestaniae
1590 2805 1628 2838 in
1657 2804 1809 2840 deserto

128 2847 246 2883 Melit<
269 2849 368 2884 inter
385 2848 566 2883 Bne-hara
587 2852 624 2883 et
646 2849 827 2884 Termine
847 2848 1037 2894 (Lelunt).

170 2912 310 2949 Planta
327 2913 426 2949 sicca
444 2912 661 2958 fragillima
681 2913 980 2958 6-9-polliearis.

171 2976 233 3011 Ar.
252 2976 383 3021 Geoqr.
409 2976 572 3011 Deserta
589 2975 897 3023 Aralo-Caspica
916 2979 953 3013 et
977 2976 1178 3022 song-aria.
