2065 3271
83 244 216 286 Celsia.
716 249 1128 280 scnopmanucaae.
1721 251 1793 289 357

144 326 209 368 17.
245 322 297 366 C.
333 323 524 378 Lycia.
560 321 764 376 perennis
794 324 969 376 punina,
1007 325 1243 368 rhizomate
1272 327 1466 371 breviter
1491 343 1663 374 ramoso
1687 345 1786 376 ves-

80 385 193 438 tigiis
215 385 473 438 petiolorum
495 383 655 424 libr-oso
681 382 896 435 cespitoso
921 383 1168 436 pluricauli‚
1189 387 1387 429 caulibus
1408 388 1558 441 rigidis
1579 392 1787 436 tenuibus

80 443 347 498 simplicibus
372 443 436 485 vel
465 441 635 484 inferne
659 452 779 483 ramo
808 442 945 484 auctis
965 443 1005 484 in
1035 456 1227 487 racemos
1252 445 1499 490 laxissimos
1526 450 1786 502 paucifloros

77 502 355 557 glandulosos
379 501 461 543 cito
481 498 760 549 abeuntibus,
785 499 896 542 foliis
921 501 971 542 ad
999 502 1186 544 caulium
1210 504 1331 546 basin
1351 508 1567 559 congestis
1593 509 1787 554 breviter

79 559 574 604 tomentello-viscidulis
617 558 763 612 parvis
800 558 1250 613 oblongo-linearibus
1290 564 1460 606 obtusis
1501 566 1785 612 obtusissime

77 619 264 663 crenatis
312 618 581 671 longiuscule
625 617 864 671 petiolatis,
905 619 1088 662 caulinis
1132 623 1280 673 paucis
1329 624 1508 668 alternis
1552 627 1783 671 sessilibus

76 678 313 722 linearibus
339 677 508 721 obtusis
534 676 731 729 integris,
758 676 978 730 pedicellis
1006 680 1196 721 tenuiter
1221 681 1495 725 filiformibus
1519 685 1662 738 calyce
1690 688 1783 729 3-4-

76 738 144 792 plo
171 736 437 791 longioribus
469 736 560 779 basi
584 735 756 778 bractea
784 735 961 779 minima
1000 738 1150 780 lineari
1186 740 1396 790 suffultis,
1427 743 1569 795 calyce
1593 744 1783 800 (sesqui-

75 797 228 839 lineam
258 798 403 850 longo)
427 795 684 849 glanduloso
709 795 751 836 in
789 794 964 838 lacinias
991 797 1439 851 lineari-spatliulatas
1472 803 1652 845 obtusas
1685 818 1782 858 par-

73 856 162 899 tito.
196 856 355 898 corolla
389 857 523 908 parva
563 854 677 896 lutea
705 853 832 898 hirta.
867 854 1100 899 filameuti‘s
1132 856 1558 913 lutescenti-lanatis,
1587 863 1781 907 antlieris

72 915 273 958 omnibus
299 914 628 966 renit'ormibus‚
655 913 886 966 capsula..
908 944 941 954 ..
981 921 1039 961 21.

119 990 221 1026 Hab.
239 991 277 1026 in
298 990 456 1036 regione
475 989 610 1036 alpina
629 990 775 1024 montis
796 989 967 1036 Akdagh
988 990 1117 1036 Lyciae
1137 990 1334 1038 (Bourgl).

119 1054 391 1101 semipedalis,
409 1052 585 1088 rhizoma
607 1052 748 1088 durum
771 1053 849 1089 fere
866 1054 1155 1096 summes-cens,
1178 1055 1362 1092 foliorum
1385 1058 1611 1095 inferiorum
1632 1060 1779 1098 lamina

70 1102 156 1139 9-12
173 1102 297 1138 lineas
316 1101 437 1147 longa
459 1100 523 1136 2-3
541 1099 632 1143 lata,
657 1101 801 1136 racemi
818 1101 1010 1137 8-12-ss01·t
1033 1102 1107 1137 sub
1126 1103 1281 1139 anthesi
1305 1105 1606 1151 3-4-1)ollicares'‚
1632 1110 1779 1146 corolla

69 1150 186 1186 diam.
204 1149 270 1185 7-8
289 1149 358 1185 lin.
378 1148 467 1184 lata.
488 1148 644 1194 Species
663 1147 959 1184 distinctissima
981 1159 1029 1185 ex
1047 1150 1162 1185 unico
1181 1152 1393 1197 specimine
1411 1157 1511 1188 nota.

127 1268 198 1312 18.
236 1269 289 1313 C.
318 1266 654 1312 lanceolata
678 1266 824 1321 (Vent.
843 1266 964 1310 Hort.
996 1266 1092 1310 Cels
1118 1269 1201 1311 tab.
1220 1270 1295 1324 27)
1321 1273 1539 1323 perennis,
1565 1273 1775 1326 adpresse

68 1333 111 1372 et
127 1329 327 1372 stellatim
346 1326 776 1375 arachnoideo-cana‚
798 1326 1034 1370 rbizomate
1059 1328 1386 1371 suffrutcsccuti
1405 1331 1653 1385 pluricipiti‚
1679 1346 1776 1377 cau-

69 1387 181 1431 libus
211 1387 387 1442 pumilis
412 1386 718 1429 crassiusculis
743 1385 891 1439 rigidis
920 1387 1047 1440 paulo
1075 1400 1210 1441 supra
1233 1391 1399 1441 partem
1438 1390 1688 1434 inferiorem
1716 1393 1774 1436 fo-

67 1447 209 1490 liatam
241 1447 425 1489 ramosis
455 1446 585 1487 ramis
612 1445 655 1487 in
683 1456 875 1487 racemos
903 1447 1124 1500 elongatos
1143 1447 1259 1490 laxos
1279 1447 1499 1491 flexuosos
1519 1449 1654 1492 duros
1679 1457 1775 1505 post

66 1506 277 1549 antbesini
301 1518 399 1548 cum
435 1505 657 1559 pedicellis
696 1504 924 1547 induratos
959 1510 1002 1547 et
1031 1506 1319 1559 persistentes
1347 1506 1623 1554 abeuntibus.
1662 1511 1773 1554 foliis

65 1566 246 1608 alternis
286 1564 570 1608 inferioribus
604 1562 800 1617 oblongis
842 1568 884 1606 et
924 1564 1382 1616 oblongo-lanceolatis
1422 1567 1577 1610 obtuse
1619 1570 1773 1613 inciso-

65 1625 250 1668 dentatis
273 1624 341 1667 vel
371 1622 826 1666 subsinuato-lobatis.
849 1623 1155 1677 superioribus
1172 1625 1402 1668 sessilibus
1429 1627 1772 1672 lineari-lanceo-

64 1683 163 1726 latis
190 1683 378 1727 crenatis
399 1687 440 1726 et
464 1682 667 1735 integris,
690 1682 911 1735 pedicellis
931 1683 1139 1725 solitariis
1162 1683 1304 1737 calyce
1326 1686 1395 1727 23
1416 1687 1484 1740 plo
1504 1687 1771 1741 longioribus

63 1742 403 1785 horizontalibus
441 1742 508 1784 vel
550 1741 732 1784 deflexis
771 1742 944 1784 bractea
984 1742 1136 1784 lineari
1170 1743 1347 1785 minima
1388 1745 1594 1798 suffultis,
1628 1748 1769 1801 calyce

64 1805 303 1844 tomentoso
341 1802 386 1855 (Ξ
424 1801 496 1843 lin.
533 1800 623 1843 fere
661 1800 808 1856 longo)
842 1801 882 1843 in
916 1802 1091 1844 lacinias
1132 1801 1343 1856 ellipticas
1377 1804 1554 1848 obtusas
1595 1808 1770 1860 partito.

60 1861 215 1904 corolla
241 1861 353 1903 lutea
385 1862 519 1914 parva
542 1864 668 1903 extus
702 1861 966 1907 tomentella,
995 1860 1228 1903 filamentis
1264 1863 1440 1907 sordide
1479 1867 1770 1909 rabello-bar·

61 1919 183 1966 batis.
207 1920 402 1964 antberis
436 1919 762 1968 reniformibus,
794 1921 971 1974 capsula
1011 1923 1250 1963 tomentosa
1278 1923 1429 1975 glabra
1462 1925 1651 1978 calycem
1683 1938 1764 1969 non

60 1984 296 2032 superante
334 1986 393 2026 21.
419 1978 460 2022 C.
490 1979 655 2020 incana
682 1978 774 2020 Bth.
802 1979 844 2020 in
869 1992 950 2023 oc.
982 1979 1135 2022 Prodr.
1167 1981 1218 2029 X,
1250 1994 1287 2035 p.
1317 1978 1415 2023 ⁶247.

106 2053 205 2090 Hah.
237 2055 277 2090 in
307 2054 591 2101 Mesopotamia
623 2054 801 2099 (Auem,
829 2055 868 2090 in
900 2055 1052 2090 deserto
1079 2055 1188 2091 flavii
1218 2056 1380 2092 Chabur
1407 2057 1639 2103 (Hausskiffi
1669 2060 1769 2095 inter

58 2099 207 2137 Mossul
229 2104 266 2137 et
287 2101 450 2148 Bagdad
470 2101 630 2147 (olm),
660 2101 914 2137 Kurdistania
942 2103 1098 2138 Persica
1120 2103 1171 2139 ad
1192 2103 1364 2140 Mendeli
1383 2105 1481 2146 (Noe
1500 2106 1640 2151 11651),
1670 2108 1768 2143 inter

58 2147 223 2184 Marand
243 2152 280 2185 et
298 2149 414 2195 Djulf
428 2149 576 2195 (Bget).

103 2212 370 2260 Semipedalis,
402 2214 598 2249 fructifera
618 2213 695 2249 fere
715 2213 878 2260 pedalis,
908 2213 1003 2249 folia
1022 2214 1245 2262 ¹1¹'2-2-poll.
1278 2217 1398 2263 longa
1429 2218 1493 2253 5-s‘
1524 2219 1646 2255 lineas
1677 2219 1766 2263 lata,

55 2260 234 2306 pedicelli
251 2261 316 2296 3-4
334 2260 460 2296 lineas
479 2261 589 2307 longi
615 2261 774 2296 demum
802 2262 1079 2307 spinescentes.
1112 2262 1200 2299 Icon
1229 2264 1342 2299 Horti
1369 2265 1457 2301 Cels
1480 2276 1527 2302 ex
1554 2268 1766 2313 specimine

55 2307 158 2343 culto
176 2307 358 2354 elongato
376 2308 555 2344 habitum
575 2309 717 2356 speciei
736 2309 905 2355 pessime
926 2309 1095 2345 exhibet.

114 2414 183 2457 19.
221 2416 276 2460 C.
306 2414 768 2460 Suwarowiana
800 2415 867 2471 (C.
902 2417 1021 2459 Koch
1053 2417 1175 2458 Liun.
1207 2419 1340 2468 XVII,
1370 2433 1407 2474 p.
1436 2420 1540 2475 264)
1579 2421 1763 2467 biennis

55 2476 303 2518 tomentella
350 2487 543 2529 superne
590 2476 859 2529 glandulosa,
907 2478 1028 2519 caule
1071 2480 1365 2522 crassiusculo
1417 2480 1553 2532 rigido
1595 2481 1762 2524 inferne

54 2533 314 2586 plurisoliato
340 2535 381 2575 in
407 2546 627 2577 racemum
656 2536 830 2587 longum
859 2536 1061 2582 abeunte,
1101 2536 1211 2578 loliis
1248 2539 1529 2582 inferioribus
1564 2540 1762 2594 oblongis

53 2592 94 2633 in
120 2593 326 2646 petiolum
349 2597 482 2635 latum
507 2594 744 2636 attenuatis
761 2607 912 2647 grosse
935 2599 977 2637 et
996 2599 1148 2647 argute
1162 2598 1583 2640 serratisnontnillis
1601 2600 1761 2652 lyr-alo-

52 2651 361 2704 pinnatisectis,
384 2653 568 2695 caulinis
596 2654 824 2696 sessilibns
849 2659 1032 2707 anguste
1060 2655 1308 2699 lanceolatis
1336 2659 1608 2701 acuminatis.
1636 2660 1755 2713 pedi-

51 2711 170 2753 cellis
216 2712 422 2755 solitariis
470 2712 616 2765 calyce
662 2713 825 2766 pluries
871 2713 1141 2766 longioribus
1185 2716 1359 2758 demum
1418 2719 1759 2770 patentissimis.

51 2767 236 2812 bracteis
282 2772 816 2824 triangulari-lanceolatis
860 2773 986 2814 valde
1030 2775 1286 2817 acuminatis
1332 2776 1539 2829 pediccllo
1578 2778 1651 2818 2-3
1691 2779 1758 2830 plo

51 2826 341 2878 brevioribus,
377 2831 521 2883 calyce
561 2830 777 2884 glandulis
819 2831 1048 2875 sessilibus
1090 2833 1230 2875 obsito
1272 2834 1315 2889 (2
1351 2836 1485 2877 lineas
1526 2837 1674 2886 longo)
1717 2838 1755 2878 iu

50 2886 222 2930 lacinias
246 2890 607 2942 ovato-elliplicas
637 2891 808 2944 partito,
833 2892 993 2933 corolla
1014 2892 1162 2946 glabra
1187 2894 1314 2943 flava,
1347 2896 1579 2936 filamentis
1620 2896 1753 2937 viola-

48 2947 295 2990 ceo-lanatis
332 2948 601 3001 longioribus
624 2950 744 3003 apice
772 2950 1016 3002 denudatis,
1049 2952 1243 2994 antlieris
1286 2954 1614 3005 renit'ormibns,
1657 2967 1753 3008 cap-

48 3006 141 3047 sula
166 3007 426 3060 subglobosa
450 3007 519 3062 (ᾧ.
547 3008 587 3050 C.
612 3008 773 3050 collina
806 3009 900 3051 Blli.
927 3010 966 3050 in
995 3025 1074 3055 uc.
1102 3011 1256 3054 Prodr.
1282 3011 1335 3055 X.
1365 3027 1402 3066 p.
1431 3014 1527 3054 ⁹247.
