2065 3271
75 271 270 310 Albersza.
757 278 1082 305 AMARANTACEAE.
1708 270 1777 309 991

78 399 105 436 h
126 353 188 390 Ar.
202 353 339 435 lGeogr.
360 350 419 387 Ex
440 351 621 386 Ameria-:t
641 349 794 386 boreali
809 349 857 386 ad
875 350 1135 396 Lusitaniam,
1154 350 1399 398 Hispaniam,
1417 351 1586 397 Italiam,
1607 351 1778 390 Africam

108 410 200 436 orca
219 410 290 435 om.

160 533 406 581 Altonum
436 532 601 595 (Kunth.
627 533 686 580 Fl.
716 533 847 581 Berol.
879 533 930 588 ΙΙ,
953 547 995 594 p.
1028 532 1127 580 144.
1149 561 1211 566 —
1233 534 1461 580 Eumelus
1488 535 1672 595 Rasin).

137 665 286 707 Flores
322 664 501 706 monoici
531 664 814 706 tribractcati.
857 664 1134 716 Perigonium
1164 664 1323 717 phyllis
1358 665 1498 707 tribus
1532 665 1774 718 {equalibus

69 725 239 768 erectis.
262 723 453 766 Stamina
472 723 552 765 tria
573 723 705 764 libera
729 722 958 764 filanicnlis
977 722 1417 767 subillatis,antl1eris
1441 724 1765 766 bilocularibus.

75 783 339 826 Staminodia
374 782 507 831 nulla,
545 783 686 835 stylus
722 783 881 832 nullus,
921 781 1119 833 stigmata
1157 781 1238 822 tria
1274 782 1504 824 lilil'ormia.
1548 782 1770 824 Utricnlus

72 842 426 884 membranaceus
448 841 514 883 vel
538 852 747 883 carnosus
766 844 919 883 ovatus
938 839 1213 882 indehiscens
1238 852 1582 893 monospcrmus.
1607 843 1767 883 semen

74 900 276 942 verticale
318 900 818 942 lcnticulari-reniforme
864 902 1159 948 crustacenm‚
1199 899 1322 941 arillo
1369 900 1498 942 nullo.
1553 900 1770 942 Albnmen

67 959 271 1005 centrale,
301 958 481 1012 embryo
515 959 715 1012 cyclicus,
743 957 934 1000 radicula
966 957 1116 1000 infera.
1151 981 1203 988 —-
1240 957 1396 1000 Herbae
1428 959 1539 1001 foliis
1573 959 1770 1010 alternis,

71 1018 254 1061 floribus
281 1017 530 1071 glomeratis
560 1018 624 1059 vel
650 1017 842 1070 spinatis,
867 1016 972 1058 facie
1000 1017 1175 1059 omnino
1199 1016 1446 1058 Amarante'.

138 1116 173 1163 i.
206 1121 264 1164 A.
301 1120 624 1175 polygama
657 1120 724 1176 (L.
756 1120 922 1163 Annen.
960 1121 1003 1172 4,
1029 1134 1071 1175 p.
1098 1121 1184 1162 294
1217 1122 1299 1164 sub
1333 1120 1598 1176 Amaranto)
1629 1135 1773 1164 annua

68 1180 378 1235 glabriuscula‚
405 1181 526 1222 caule
551 1184 693 1222 erecto
723 1180 1116 1233 angulum-sulcato
1152 1180 1382 1225 ramuloso.
1418 1180 1528 1222 foli1s
1557 1181 1772 1234 petiolatis

73 1244 199 1282 ovato
225 1243 298 1282 aut
323 1237 751 1291 oblongo-rhombeis
783 1240 847 1280 vel
880 1238 1126 1281 lanceolatis
1163 1239 1371 1292 utrinque
1404 1240 1638 1282 attenuatis
1672 1239 1772 1282 sub-

73 1299 344 1351 acuminatis,
372 1297 626 1350 glomerulis
660 1297 860 1340 omnibus
896 1298 1151 1340 axillaribus
1187 1298 1415 1341 sessilibns
1449 1298 1678 1351 geminatis
1704 1299 1772 1341 vel

74 1357 281 1401 solitariis
304 1355 626 1400 remotiusculis
655 1356 720 1399 vel
752 1356 1063 1411 approximatis
1092 1356 1203 1400 soliiS
1229 1356 1353 1411 longe
1380 1358 1614 1411 superatis,
1653 1357 1772 1398 brac·

76 1417 154 1458 teis
180 1416 375 1468 oblongis
408 1416 545 1459 acutis
577 1415 707 1458 flores
732 1416 794 1458 vis
823 1414 1116 1469 aequantibus,
1143 1416 1301 1470 phyllis
1337 1416 1583 1459 lanceolatis
1616 1416 1769 1467 acutis,

72 1475 259 1518 utriculo
288 1478 413 1518 ovato
445 1487 606 1529 rugoso
635 1475 905 1528 perigoniuni
933 1474 1218 1529 subaequantc
1250 1476 1369 1529 apice
1407 1475 1679 1519 2-3-dentato
1707 1479 1771 1525 Ε).

31 1545 34 1549 ·
72 1533 128 1576 Ic.
156 1534 307 1588 Wight
335 1533 417 1576 tab.
443 1535 541 1577 714.
570 1558 619 1564 —-
650 1534 849 1576 Ettxobws
869 1533 1131 1587 polyyamus
1157 1535 1266 1588 Moq.
1295 1535 1338 1577 in
1361 1547 1446 1578 nc.
1473 1534 1626 1577 Prodr.
1654 1532 1771 1584 XIH,

75 1593 158 1636 2702

120 1658 222 1695 Hab.
247 1659 286 1694 in
305 1658 461 1706 Egypto
480 1658 640 1704 (Acerbi
661 1655 891 1706 etGalopin
914 1669 962 1694 ex
978 1659 1116 1705 Moq.).

122 1715 268 1751 Praeter
286 1715 528 1751 characteres
549 1716 752 1761 genericos
779 1715 877 1752 facie
898 1716 946 1752 A.
967 1715 1150 1764 sylvestri
1170 1715 1397 1762 simillima;
1428 1715 1537 1752 adest
1558 1718 1603 1751 ut
1631 1715 1672 1751 in
1703 1715 1774 1752 hac

74 1763 203 1810 specie
222 1763 349 1797 fornia
370 1762 476 1803 foliis
495 1763 683 1809 angustis.

55 1850 57 1852 ,
121 1819 180 1854 Ar.
202 1817 334 1864 Geoqr.
355 1818 502 1864 Nuhia,
518 1818 748 1865 Abyssinia,
764 1818 890 1856 India.

134 1918 170 1958 ⁹2.
206 1916 270 1958 A.
309 1917 578 1960 oleracea
615 1916 692 1972 (L.
727 1917 799 1973 Sp.
843 1918 953 1960 1403
986 1917 1069 1962 sub
1105 1917 1379 1974 Amaranto)
1418 1931 1560 1961 annua
1596 1918 1769 1973 glabra,

69 1977 191 2018 caule
211 1980 355 2019 erecto
377 1977 444 2018 vel
471 1976 733 2019 ascendente
756 1977 925 2030 striato,
950 1977 1065 2020 foliis
1091 1977 1216 2032 longe
1239 1978 1455 2032 petiolatis
1481 1978 1620 2021 ovatis
1645 1977 1772 2020 obtu-

73 2034 256 2078 sissimis
299 2036 366 2078 vel
411 2035 599 2086 retusis,
640 2036 894 2090 glomeratis
932 2036 1185 2080 axillaribus
1224 2037 1448 2081 sessilibus
1490 2036 1770 2079 inferioribus

70 2094 250 2137 remotis
274 2094 577 2149 superioribus
602 2094 645 2136 in
677 2095 837 2149 spicam
863 2096 1135 2139 terminalem
1162 2099 1349 2139 erectam
1375 2097 1552 2139 brevem
1577 2096 1770 2138 crassiu-

69 2152 231 2196 sculam
258 2153 582 2207 approximatis,
608 2153 791 2197 floribus
823 2154 1067 2198 virentibus
1089 2158 1205 2197 arcte
1229 2156 1554 2209 approximatis,
1585 2154 1770 2197 bracteis

71 2211 317 2255 lanceolatis
335 2211 504 2254 obtusis
524 2211 656 2255 flores
679 2226 764 2257 non
782 2213 1073 2267 aequantibus,
1092 2213 1251 2268 phyllis
1270 2213 1424 2257 albidis
1444 2213 1772 2267 obtusiusculis,

73 2271 258 2315 utriculo
289 2274 415 2314 ovato
439 2270 691 2315 laeviusculo
713 2275 836 2315 acuto
864 2276 929 2323 O.
966 2270 1170 2315 Euoeotas
1195 2271 1416 2315 oleraceus
1450 2273 1559 2327 Moq.
1584 2272 1662 2316 loc.
1695 2272 1767 2315 cit.

70 2340 111 2383 p.
137 2330 236 2371 ⁰273.

117 2394 217 2432 Hab.
235 2396 276 2432 in
296 2395 450 2443 Egypto
469 2398 537 2442 (ex
555 2397 692 2444 Moq.).
720 2396 752 2433 E
770 2397 922 2434 ditione
941 2407 1022 2434 non
1041 2398 1136 2435 vidi.

116 2451 177 2487 Ar.
197 2451 330 2498 Geoqr.
356 2452 472 2489 India
491 2451 717 2490 Orientalis.

132 2550 170 2592 3.
205 2549 253 2592 A
289 2549 512 2594 mitum
531 2550 701 2605 (Kunth
729 2551 788 2594 Fl.
808 2551 947 2595 Berol.
971 2551 1029 2603 ΙΙ,
1048 2565 1087 2606 p.
1109 2551 1211 2608 144)
1232 2565 1374 2595 annua
1392 2552 1553 2605 glabra,
1573 2551 1769 2596 caulibus

69 2607 241 2651 diffusis
270 2608 337 2651 vel
369 2608 718 2663 ascendentibus,
742 2610 854 2653 foliis
890 2610 1101 2655 viridibus
1135 2612 1260 2665 longe
1289 2611 1502 2665 petiolatis
1541 2610 1766 2653 rhombeo·

66 2667 207 2709 ovatis
233 2668 300 2709 vel
325 2667 520 2721 oblongis
542 2669 711 2712 obtusis
730 2669 797 2712 vel
825 2670 1000 2722 retusis,
1025 2670 1278 2724 glomeratis
1305 2669 1553 2713 densissoris
1575 2669 1766 2711 axillari-

68 2723 150 2768 bus
169 2726 446 2769 inferioribus
465 2727 629 2770 dissitis
654 2728 960 2782 superioribus
986 2729 1247 2783 plerumque
1265 2730 1307 2771 in
1337 2729 1497 2783 spicam
1523 2729 1765 2780 elongatam

67 2785 339 2827 terminalem
353 2784 632 2838 cylindricam
653 2787 978 2830 subssexuosam
995 2788 1311 2843 approximatis
1335 2787 1562 2837 viridibus,
1581 2787 1766 2830 bracteis

70 2843 410 2895 triangularibus
436 2845 574 2888 acutis
608 2846 738 2890 flores
766 2859 849 2889 non
875 2846 1166 2900 aequantibus‚
1196 2847 1357 2901 phyllis
1389 2849 1571 2899 anguste
1601 2847 1768 2889 lanceo-

72 2901 168 2943 latis
203 2903 485 2945 acutiusculis
549 2905 732 2948 utriculo
773 2905 951 2958 globoso
987 2906 1255 2949 acutiusculo
1291 2906 1434 2959 calyce
1472 2904 1664 2958 longiore
1701 2904 1764 2951 Θ.

73 2958 274 3003 Eurotas
306 2961 465 3003 viridis
495 2962 602 3018 Moq.
631 2963 709 3007 loc.
735 2964 802 3007 cit.
826 2976 868 3019 p.
899 2964 999 3007 273.
1024 2989 1080 2995 -
1106 2964 1380 3007 Amarantus
1411 2962 1570 3006 viridis
1603 2967 1646 3006 et
1674 2963 1768 3011 Am.

75 3017 243 3062 Butam
270 3019 313 3062 L.
334 3032 388 3063 ex
411 3024 546 3075 parte.
