2065 3271
84 241 328 283 Ver-basem.
723 244 1135 275 acnomumnmcnae.
1705 243 1776 281 325

73 325 183 363 Facie
211 327 248 362 et
273 321 564 361 characteribus
589 320 703 356 affine
735 319 769 354 V.
798 331 911 366 myro
942 320 982 356 L.
1014 326 1051 357 et
1079 321 1218 358 lanato
1242 321 1398 358 Schrad.
1428 334 1450 359 a
1478 325 1622 371 quibus
1647 326 1776 363 differt

73 373 362 410 filamentorum
391 370 481 405 lana
508 367 640 404 albida
665 377 734 403 nec
762 367 948 411 violacea,
972 368 1124 405 laciniis
1152 369 1341 415 calycinis
1361 370 1460 416 latis⁷
1478 374 1638 419 capsula
1656 374 1773 425 paulo

71 422 228 466 majore.

129 538 193 579 64.
231 535 291 578 V.
318 533 656 590 speciosum
684 532 883 588 (Sclirad.
909 533 1031 576 Hort.
1065 535 1178 579 Gott.
1212 538 1314 581 fasc.
1349 539 1388 587 ⁹2,
1421 552 1459 593 p.
1489 540 1559 591 22,
1585 540 1667 582 tab.
1702 542 1773 597 16)

70 594 240 645 bienne‚
264 595 425 636 elatum
449 594 704 635 indumento
725 593 844 635 tenui
874 595 1135 647 persistente
1157 600 1449 640 tomenlosum
1475 599 1539 641 vel
1564 600 1773 652 griseum,

69 655 181 698 foliis
207 652 472 707 subintegris
497 651 758 694 radicalibus
780 653 1063 705 amplissimis
1087 655 1544 706 oblongo-lanceolatis
1566 659 1772 714 utrinque

67 713 303 756 attenuatis
321 723 434 764 saepe
450 711 721 763 acuminatis,
745 711 927 754 caulinis
944 711 1153 755 brevibus
1174 715 1773 770 cordato-amplexicaulibus,

72 773 278 828 paniculae
308 771 578 824 amplissime
615 769 895 822 pyramidatae
929 772 1062 814 ramis
1101 773 1326 825 elongatis.
1364 775 1521 818 florum
1559 776 1772 819 fasciculis

68 832 192 881 laxis,
233 830 455 885 pedicellis
482 829 625 883 calyce
662 828 944 882 longioribus.
981 832 1123 885 calyce
1161 831 1204 886 (2
1236 833 1305 874 lin.
1339 834 1484 888 longo)
1520 835 1563 876 in
1596 835 1772 878 lacinias

67 894 250 944 anguste
277 890 535 931 lanceolatas
564 888 616 930 ad
643 887 765 929 basin
793 888 967 940 partito,
1004 891 1163 933 corolla
1204 895 1352 944 parva,
1393 893 1626 936 filamenlis
1655 895 1772 937 albo-

69 950 240 999 lanatis,
285 949 462 1001 capsula
496 947 828 1000 ovato-oblonga
861 947 1016 990 obtusa
1053 950 1196 1002 calyce
1233 951 1452 1006 subduplo
1477 953 1667 1005 longiore
1696 954 1767 1008 (3)-

68 1008 123 1051 Ic.
148 1008 283 1051 Rchb.
308 1008 391 1049 tab.
423 1009 492 1049 ⁹25.
525 1029 582 1037 —
616 1006 657 1049 V.
685 1004 965 1058 lonyifolz'tmz
988 1021 1068 1051 D.c.
1097 1009 1157 1051 ΡΙ.
1183 1009 1249 1052 Fr.
1275 1023 1356 1052 non
1384 1011 1488 1053 Ten.

117 1090 216 1126 Hab.
238 1090 279 1125 in
306 1089 492 1125 Armenia
517 1088 679 1125 Turcica
709 1098 829 1135 prope
856 1088 890 1123 Is
921 1091 954 1126 ir
981 1090 1148 1136 (Bourgl
1180 1091 1219 1126 C.
1248 1091 1405 1138 Kochl)‚
1434 1093 1623 1129 Cataonia
1652 1104 1772 1141 prope

67 1137 237 1174 Arablar
260 1137 493 1181 (Haussk!)‚
524 1147 631 1183 prov.
665 1135 839 1183 Talysch
867 1137 881 1179 (
920 1141 973 1174 .Α.
1006 1138 1142 1185 Mem,
1178 1140 1362 1175 Armenia
1393 1140 1554 1177 Rossica
1582 1144 1619 1177 et
1641 1141 1773 1178 Persia

67 1183 215 1221 boreali
233 1184 399 1229 (Buhsel
421 1184 538 1220 Szov!
559 1184 684 1230 Bgel).

125 1253 172 1307 β.
209 1251 531 1304 Μεριιρήίοῃῑοε
559 1251 697 1293 Boiss.
721 1256 762 1295 et
784 1252 932 1294 Heldr.
956 1253 1107 1306 Diagn.
1133 1252 1225 1296 Ser.
1250 1253 1301 1302 ΙΙ,
1328 1254 1368 1302 2,
1390 1268 1429 1310 p.
1461 1255 1554 1297 144.
1576 1279 1630 1285 —
1654 1254 1772 1298 Folia

64 1315 247 1366 angusta
271 1323 419 1354 crasse
443 1311 904 1365 lutescenti-pannosa.

114 1385 214 1422 Hab.
234 1386 275 1421 in
296 1385 452 1431 regione
473 1384 645 1420 abietina
662 1384 847 1430 Parnassi
867 1385 1051 1431 (Heldr!).

129 1473 169 1513 7.
196 1452 531 1504 microcarpum.
558 1475 616 1481 —
643 1449 827 1505 Capsnla
856 1452 996 1495 minor
1019 1453 1360 1507 ovato-oblonga.

118 1527 224 1564 Hah.
246 1528 287 1562 in
300 1526 491 1573 lapidosis
509 1526 637 1572 Lyciae
655 1527 703 1563 ad
722 1527 1035 1564 Ballouklardan
1053 1539 1172 1575 supra
1189 1529 1347 1565 Elmalu
1367 1530 1565 1577 (Bourgl),
1582 1531 1622 1566 in
1643 1531 1774 1566 Tauro

69 1574 241 1612 Isaurico
259 1576 359 1610 inter
376 1574 504 1610 valles
522 1574 782 1610 Tourtchalar
798 1579 835 1611 et
853 1575 1046 1611 Ermenek
1063 1576 1167 1613 3000'
1189 1577 1375 1623 (Heldrl).

119 1640 263 1677 Planta
281 1639 550 1687 pluripedalis,
578 1639 672 1676 folia
698 1639 886 1676 radicalia
913 1651 1018 1688 saepe
1044 1641 1243 1689 bipedalia
1267 1642 1513 1689 3-5-pollices
1544 1643 1633 1688 lata,
1661 1643 1772 1689 pani-

62 1687 164 1724 eulae
187 1688 286 1723 rami
308 1697 414 1734 saepe
431 1687 908 1734 sesquipedales‚capsu1a
927 1689 964 1724 in
986 1692 1080 1735 typo
1099 1690 1177 1724 fere
1195 1689 1219 1725 3
1236 1690 1361 1725 lineas
1380 1690 1512 1736 longa,
1529 1691 1569 1726 in
1585 1691 1772 1726 varietate

69 1737 311 1782 microearpa
338 1735 406 1770 vix
437 1734 460 1770 2
483 1734 619 1770 lineas,
650 1733 699 1770 Η.
726 1735 1060 1783 hyoserz'dz'sole'um
1086 1736 1245 1773 Schrad.
1270 1736 1373 1773 Mon.
1392 1737 1436 1782 11,
1455 1749 1490 1785 p.
1511 1739 1568 1782 31,
1589 1738 1666 1773 tab.
1683 1738 1708 1774 3
1724 1748 1772 1773 ex

65 1783 329 1829 descriptione
346 1785 384 1817 et
401 1782 511 1818 icone
528 1781 634 1818 toliis
651 1783 1090 1829 repando-subsinuatis
1107 1786 1259 1820 tantum
1274 1785 1403 1821 differt
1417 1787 1456 1821 et
1470 1786 1587 1832 hujus
1602 1786 1771 1821 varietas

64 1830 128 1866 ’vel
147 1831 272 1866 forma·
290 1829 460 1875 hybrida
479 1829 647 1866 videtur.

113 1897 173 1932 Ar.
193 1896 327 1941 Geogr.
353 1895 522 1940 Austria,
540 1894 648 1942 regio
668 1896 914 1941 Danubialis‚
933 1896 1074 1932 Rossia
1091 1897 1286 1934 australis.

125 2024 194 2066 65.
228 2023 290 2066 V.
335 2023 887 2067 cheiranthifolium
929 2023 1090 2079 (Boiss.
1130 2025 1284 2078 Diagn.
1324 2025 1416 2068 Ser.
1458 2025 1493 2078 I,
1534 2027 1577 2075 lt,
1618 2039 1658 2078 p.
1696 2025 1771 2077 56)

63 2085 255 2126 tomento
278 2082 449 2125 stellato
486 2084 603 2125 tenui
640 2094 754 2138 serpe
781 2083 1119 2137 adpressissimo
1146 2086 1424 2128 cinerescens
1452 2087 1521 2128 vel
1545 2084 1770 2132 flavidum.

63 2144 182 2184 caule
208 2143 250 2184 in
281 2141 524 2196 paniculam
549 2143 864 2196 pyramidatam
893 2143 1233 2186 ramosissimam
1262 2144 1542 2187 multifloram
1577 2144 1770 2196 abeunti,

64 2200 174 2243 foliis
202 2200 461 2244 radicalibus
487 2201 738 2243 lan'ceolatis
768 2202 835 2243 vel
872 2202 1332 2256 oblongo-lanceolatis
1361 2204 1402 2245 in
1433 2204 1636 2257 petiolum
1665 2207 1772 2246 atte-

63 2262 207 2303 nuatis
247 2259 527 2316 subintegris,
573 2260 755 2303 caulinis
794 2260 992 2314 oblongis
1039 2275 1062 2304 a
1106 2263 1196 2305 basi
1247 2263 1770 2305 subiuriculato-eordata

63 2319 330 2368 acuminatis,
358 2319 541 2363 floribus
565 2321 639 2362 ,Gt-5
663 2320 705 2361 in
731 2319 957 2364 fasciculos
982 2323 1318 2365 remotiusculos
1345 2322 1577 2364 bracteolis
1599 2322 1770 2363 lineari-

62 2377 143 2421 bus
183 2379 366 2432 stipatos
407 2378 643 2432 dispositis,
681 2380 890 2432 panicnlae
929 2380 1062 2422 ramis
1098 2381 1304 2424 tenuibus
1334 2382 1513 2423 strictis.
1550 2381 1770 2434 pedicollis

60 2438 194 2491 calyci
223 2437 480 2492 aequilongis
507 2439 573 2480 vel
602 2438 888 2490 longio1·ibuS‚
913 2439 1057 2492 calyce
1073 2441 1323 2483 tomentello
1344 2441 1438 2495 (vix
1459 2440 1768 2494 sesquilineam

63 2495 315 2551 longo)le1·e
332 2497 382 2538 ad
402 2496 522 2538 basin
544 2498 585 2539 in
607 2498 782 2540 lacinias
807 2498 1247 2542 lineari-lanceolatas
1268 2501 1440 2553 partito,
1462 2499 1621 2541 corolla
1643 2500 1769 2550 flava,

61 2554 294 2597 filamentis
330 2555 506 2597 sordide
544 2556 929 2607 flavido-barhatis,
969 2560 1146 2612 capsula
1188 2559 1370 2612 oblonga
1409 2560 1564 2602 obtusa
1601 2570 1769 2600 murro-

62 2615 207 2657 nulata
237 2616 380 2669 calyce
407 2616 535 2657 tertia
561 2620 680 2669 parte
709 2616 900 2668 longiore
928 2617 998 2671 Θ.
1050 2617 1092 2659 V.
1121 2617 1377 2670 aspernlmn
1414 2619 1552 2661 Boiss.
1594 2618 1670 2658 loc.
1699 2618 1766 2658 cit.

60 2672 214 2724 (forma
242 2674 352 2715 foliis
380 2674 645 2717 radicalilJus
681 2675 906 2718 latioribus
939 2677 1317 2731 ovato-oblongis).
1357 2702 1409 2707 —›
1457 2677 1496 2718 V.
1525 2676 1769 2718 Pisidz'ezcm

62 2729 196 2775 Boiss.
224 2737 266 2774 et
294 2732 441 2775 Hclslr.
475 2733 626 2787 Diagn.
659 2733 752 2776 Ser.
790 2735 823 2779 Ι,
863 2733 932 2789 la,
975 2749 1014 2789 p.
1063 2738 1126 2777 15.
1168 2761 1216 2766 -
1275 2737 1315 2778 V.
1342 2736 1627 2778 monne-olum
1653 2741 1692 2779 el
1728 2735 1767 2776 V.

60 2788 325 2842 Seistzmense
354 2793 398 2834 B.
424 2796 465 2834 et
489 2793 675 2835 Haussk.
705 2806 794 2835 vxs.
824 2793 994 2849 (formae
1018 2796 1161 2838 forsan
1194 2795 1425 2851 hybridae).

104 2863 206 2899 Hab.
225 2865 263 2900 in
284 2866 404 2911 pratis
423 2866 593 2911 regionis
613 2866 836 2914 subalpina²
857 2869 1051 2904 Anatoliae
1082 2869 1172 2905 hinc
1194 2870 1284 2905 inde
1315 2871 1352 2905 in
1377 2870 1501 2906 valles
1518 2869 1770 2905 descendens’

59 2908 220 2946 Tmolus
239 2912 288 2947 ad
309 2912 494 2957 ssozdagh
514 2913 691 2959 (Bolssl),
717 2915 891 2950 Cadmus
912 2927 1031 2963 supra
1048 2917 1235 2952 Denisleh
1253 2918 1433 2962 (Boissl),
1463 2917 1624 2964 Sipylus
1649 2927 1769 2963 supra

58 2952 299 3019 Magnesiam
339 2959 516 3004 (BoissU.
550 2971 664 2995 mons
701 2961 973 3006 Mouraddagh
1008 2964 1191 3010 Phrygiae
1225 2969 1261 3000 et
1299 2965 1471 3011 Alidagh
1506 2964 1766 3011 Cappadociae

58 3002 197 3049 (Ball),
227 3006 378 3041 laurus
410 3007 601 3043 isauricus
627 3008 856 3046 3500350οΥ
890 3011 1082 3056 (Helm-l),
1114 3013 1285 3058 Mesogis
1315 3012 1435 3049 colles
1464 3012 1564 3049 cirea
1586 3012 1766 3048 Derbend
