2080 3241
102 211 297 268 Ipomoea
776 219 959 246 convocv
964 220 1016 246 m.
1021 220 1143 246 &013AE
1745 211 1817 248 113

155 291 259 327 Hah.
282 291 320 326 in
339 290 514 327 arenosis
530 289 736 326 maritimis
755 289 966 326 Palestinae
985 290 1123 335 (Aucti.
1144 290 1231 326 1401
1244 293 1280 334 l)
1300 291 1348 326 ad
1369 291 1475 327 Gaza
1495 291 1669 336 (Bovei),
1687 291 1741 337 Sy
1745 292 1814 327 riae

106 339 157 376 ad
175 339 361 376 Sidonem
381 338 508 383 (Pest'.
529 336 683 384 Gailll)
701 337 752 373 ad
770 337 988 383 Berythum
1004 337 1199 382 (Ehrenbl
1220 338 1313 382 ΒΗ),
1328 339 1378 374 ad
1394 339 1548 385 Tripoli
1566 338 1746 384 (Boissl),
1763 339 1811 374 ad

105 386 388 422 Alexandrette
405 384 634 430 (Hausskll.
657 385 713 421 Fl.
734 388 821 421 aest.

112 500 144 536 Α
158 452 262 535 Ῑῖῗ).
280 451 319 487 in
337 460 458 496 regno
479 449 753 497 Neapolitano,
773 448 900 485 Africa
920 448 1080 493 boreali,
1099 449 1239 485 insulis
1257 450 1440 494 Azoticis,
1459 450 1637 486 America
1654 450 1816 496 boieali,

149 510 205 535 n1
241 510 285 534 is.
798 522 800 525 ψ

171 617 209 657 2.
245 615 284 659 Ι.
321 613 613 670 sagittata
640 613 780 667 (Dcsf.
808 613 894 655 Atl.
922 614 957 665 Ι,
986 625 1024 667 p
1060 613 1162 659 177)
1195 613 1358 666 glabra,
1386 613 1583 656 caulibus
1610 614 1812 656 tenuibus

110 673 422 717 scandentibus
478 673 712 727 elongatis
765 672 878 715 foliis
928 672 1209 724 interioribus
1259 668 1460 715 cordato·
1474 672 1812 715 suborbiculatis

108 734 280 777 caeteris
308 732 520 786 sagittatis
556 732 719 774 sensim
749 732 1077 785 angustioribus
1111 721 1360 774 lanceolatis
1394 735 1437 773 et
1465 731 1637 774 lineari·
1644 732 1811 774 lanceo-

111 793 209 836 latis
242 793 379 835 acutis
414 791 624 834 auriculis
653 791 1076 833 lineari—lanceolatis
1112 802 1227 845 saepe
1253 790 1530 843 longissimis.
1557 791 1813 844 pedunculis

111 852 366 895 axillaribus
403 851 500 893 folio
527 850 803 893 brevioribus
849 849 1063 892 l-Q-ftoris
1094 861 1250 893 versus
1291 850 1481 892 medium
1517 850 1809 892 minutissime

113 910 449 954 bibi-acteolatis.
478 909 638 964 sepalis
673 909 877 965 ellipticis
903 909 1074 953 obtusis
1098 908 1422 956 mucronulatis,
1446 909 1604 951 corolla
1637 910 1814 963 amplis-

114 970 222 1012 sima
242 973 367 1013 rosea
390 969 557 1022 glabra,
582 971 781 1021 stigmate
807 970 992 1023 capitato
1015 971 1179 1018 retuso,
1204 967 1445 1011 seminibus
1466 968 1723 1010 tomentosis
1757 975 1816 1014 26.

114 1028 213 1071 Cav.
256 1030 309 1073 Ic.
350 1042 434 1072 rar.
464 1029 515 1083 II,
554 1028 636 1071 tab.
667 1029 763 1070 207.
791 1051 846 1060 -—
874 1028 989 1070 Lam.
1030 1027 1095 1068 lll.
1135 1028 1220 1069 tab.
1254 1028 1348 1069 104.
1382 1053 1430 1058 —
1461 1027 1590 1069 Cone.
1638 1027 1819 1070 ll'lielerz?

116 1089 223 1132 Vahl
248 1088 392 1144 Symb.
418 1089 472 1130 Il.
493 1103 533 1144 p.
562 1089 632 1131 36.
659 1108 717 1119 -—
746 1087 877 1130 Conv.
907 1085 1202 1140 sagittifolius
1228 1087 1351 1129 Mich.
1377 1087 1472 1129 Am.
1497 1087 1528 1138 Ι,
1556 1100 1593 1140 p.
1628 1088 1716 1130 138.

163 1163 263 1200 Hah.
278 1163 327 1199 ad
342 1164 467 1199 fossas
483 1166 519 1199 et
536 1164 576 1199 in
593 1162 764 1199 dumetis
780 1161 955 1198 humidis
970 1161 1189 1204 maritimis,
1205 1160 1337 1196 Cilicia
1354 1160 1532 1196 Trachea
1550 1161 1650 1196 inter
1664 1160 1816 1197 Selefke

115 1214 153 1248 et
167 1211 389 1249 Perchende
410 1211 605 1256 (Temni),
623 1210 739 1256 Syria
757 1209 805 1246 ad
825 1209 1105 1246 Alexandrette
1124 1208 1216 1255 (ΚΥ.
1238 1209 1358 1253 1541).

161 1276 222 1311 Ar.
242 1275 371 1320 Geoqr.
401 1274 594 1322 Hispania
613 1273 827 1318 orientalis,
845 1273 990 1317 Sicilia,
1009 1272 1139 1308 Africa
1160 1271 1339 1317 borealis,
1358 1272 1537 1308 America
1558 1272 1743 1307 borealis.

177 1403 216 1443 3.
251 1400 288 1444 1.
316 1399 583 1455 palmata
611 1399 783 1454 (Forsk.
810 1398 957 1442 Descr.
986 1410 1027 1452 p.
1052 1398 1123 1446 43)
1153 1396 1461 1451 glabriuscula.
1488 1397 1686 1439 caulibus
1721 1411 1820 1451 pro-

118 1461 230 1504 ceris
260 1459 384 1503 valde
412 1458 739 1506 scandentibus,
763 1457 875 1501 foliis
903 1456 1120 1511 petiolatis
1144 1455 1334 1511 quinatis
1367 1456 1676 1510 partitionibus
1698 1458 1820 1512 ellip-

118 1520 214 1563 ticis
241 1518 461 1562 interdum
492 1517 840 1572 subpetiolulatis
863 1516 1025 1570 glabris
1050 1516 1118 1558 vel
1143 1515 1303 1569 saepitis
1330 1515 1467 1558 acutis
1495 1519 1537 1557 et·
1562 1516 1819 1559 acuminatis

107 1579 311 1633 *margine
336 1578 499 1620 minute
523 1576 935 1631 serrulam-asperis
960 1575 1211 1619 lateralibus
1232 1575 1455 1617 interdum
1480 1574 1636 1617 bifidis.
1655 1575 1821 1629 pedun-

116 1639 228 1681 culis
261 1637 476 1680 1-3·ss0ris
504 1637 601 1679 folio
624 1635 791 1679 axillari
819 1634 1104 1690 longioribus,
1131 1633 1527 1689 pcdicelliscalyce
1554 1633 1821 1687 longioribus

117 1696 385 1746 incrassatis,
413 1697 573 1751 sepalis
612 1694 1004 1750 oblongisobtusis
1043 1695 1237 1748 margine
1270 1692 1629 1744 membranaceis,
1662 1693 1820 1736 corolla

117 1756 415 1810 campanulata
445 1757 667 1809 purpurea
695 1755 842 1808 glabra
869 1753 1012 1807 calyce
1040 1753 1208 1806 5-6-plo
1236 1752 1444 1806 longiore,
1465 1752 1679 1806 stigmatis
1708 1752 1819 1795 iobis

119 1815 418 1864 subrotundis,
459 1814 700 1857 seminibus
738 1813 994 1857 tomentosis
1033 1819 1092 1861 26.
1131 1811 1258 1854 Concu
1296 1810 1496 1853 Onlre'cus
1535 1811 1579 1852 L.
1609 1810 1683 1865 Sp.
1717 1813 1817 1853 ⁰222).

119 1874 212 1917 Bet.
242 1875 345 1928 Mag.
373 1875 471 1917 699
496 1898 554 1903 -
579 1874 702 1926 Ipom
745 1872 1047 1927 Scneyalensis
1073 1871 1188 1914 Lam.
1217 1870 1283 1913 Ill
1313 1870 1343 1922 l
1367 1883 1406 1924 p.
1430 1872 1531 1913 464

166 1949 266 1986 Hab.
287 1949 341 1984 ad
356 1959 466 1996 sepes
486 1948 647 1995 AEgypti
668 1950 704 1984 et
728 1948 830 1984 inter
851 1947 1063 1984 arundines
1084 1946 1133 1982 ad
1154 1946 1234 1982 Nili
1255 1946 1360 1992 ripas
1389 1945 1819 1990 (Foxs-k.,De1.‚A1‹1·.l1

117 1997 262 2042 13961)
280 1996 328 2032 ad
346 1997 503 2032 Rosette
523 1996 739 2041 (Ehrenbl‘y,
760 1995 811 2031 ad
829 1995 947 2031 Benis
952 1994 1046 2030 oues
1057 1993 1210 2039 (Siebl),
1229 1993 1279 2030 ad
1298 1993 1421 2029 Philae
1452 1974 1562 2037 (Bois
1556 1995 1631 2037 sl),
1651 1994 1690 2028 in
1707 1994 1760 2037 Sy
1765 1993 1821 2028 ria

108 2044 280 2080 ‚littorali
301 2044 350 2079 ad
370 2044 444 2080 Ras
462 2043 498 2079 el
514 2043 588 2079 Ain
608 2053 729 2091 prope
753 2043 813 2089 Ty
817 2053 903 2078 rum
924 2042 976 2087 (G
981 2041 1047 2078 aill
1061 2043 1098 2086 l)

164 2108 227 2144 Ar.
250 2107 380 2153 Geoqr.
410 2107 552 2150 Numa,
571 2106 662 2152 Aby
666 2106 801 2151 ssinia,
821 2105 1040 2152 senegalia.

638 2230 925 2279 m'otvlltus
964 2230 1028 2290 (L.
1063 2230 1136 2291 Sp.
1167 2228 1291 2288 394).

178 2366 310 2420 Calyx
342 2367 729 2422 quinquesepalus.
769 2365 938 2410 Corolla
973 2365 1274 2420 campanulata
1302 2365 1369 2407 vel
1404 2363 1824 2407 infundilniliformis

116 2439 193 2468 ore
222 2426 412 2480 repanda
448 2427 515 2468 vel
547 2425 854 2480 quinqueloba.
891 2425 1003 2480 Styli
1038 2425 1124 2468 duo
1160 2424 1293 2466 bilidi.
1339 2423 1546 2466 Ovarium
1589 2423 1825 2466 biloculare

118 2485 517 2538 quadriovulatum.
546 2485 731 2539 Capsula
758 2485 1024 2528 bilocularis.
1047 2507 1104 2516 —
1131 2483 1288 2526 Herbae
1310 2483 1377 2525 vel
1404 2482 1674 2524 suffrutices.

183 2613 218 2652 l.
252 2609 295 2653 E
337 2608 666 2654 alsinoides
693 2609 762 2661 (L
798 2608 870 2662 Sp
903 2608 1031 2665 392)
1039 2609 1186 2664 patule
1223 2607 1404 2650 villosus
1433 2620 1454 2648 a
1482 2606 1590 2648 collo
1623 2617 1824 2648 ramosus

118 2670 252 2712 ramis
292 2670 483 2712 tenuiter
523 2670 704 2723 virgatis
747 2661 1108 2711 decumbentibus
1153 2666 1425 2721 simplicibus
1474 2664 1741 2707 subdisticlie
1785 2667 1826 2706 et

118 2729 273 2772 crebre
300 2729 478 2772 toliosis.
501 2729 613 2771 foliis
637 2728 940 2782 subpetiolatis
965 2727 1169 2770 obovato-
1173 2726 1369 2778 oblongis
1397 2725 1582 2773 obtusis
1604 2723 1772 2777 pedum
1780 2737 1826 2765 u·

120 2788 174 2830 lis
195 2786 469 2830 filiformibus
489 2789 534 2829 2-
518 2789 584 2829 -4-
569 2787 711 2830 ·ssoris
733 2788 832 2830 folio
850 2786 1143 2837 brevioribus,
1167 2785 1390 2840 pedicellis
1416 2782 1675 2826 nutantibus
1690 2782 1827 2835 calici

117 2847 461 2902 subaeqnilongis
490 2846 581 2888 basi
609 2845 855 2895 bracteatis
879 2845 1038 2899 sepalis
1073 2845 1266 2887 breviter
1296 2842 1549 2886 lanceolatis
1572 2855 1670 2884 acu
1660 2842 1710 2883 is
1739 2841 1829 2882 liis-

120 2906 251 2960 pidis,
288 2907 446 2949 corolla
476 2919 609 2961 parva
647 2906 815 2949 hirsuta
842 2905 984 2958 calyce
1025 2904 1157 2958 duplo
1187 2903 1392 2955 longiore
1437 2902 1615 2955 capsula
1651 2900 1829 2942 semini-

119 2964 291 3020 busque
315 2965 476 3017 glabris
506 2965 688 3008 levibus
726 2971 784 3012 26.
812 2965 866 3006 Ic.
892 2963 1039 3006 Bul-,m
1069 2963 1182 3007 ΖΘΥΙ.
1214 2962 1297 3003 tab.
1325 2961 1354 3003 l.
1385 2962 1454 3014 lig
1482 2962 1550 3001 61.
1575 2984 1629 2989 --
1660 2959 1703 3001 Ε.
1728 2958 1831 3000 lini-

111 3023 258 3076 folc'tcs
283 3024 326 3066 L.
355 3048 404 3054 —
436 3023 486 3066 E
500 3022 829 3076 fuyacissimus
858 3022 1029 3065 Hoclist.
1061 3022 1103 3064 in
1133 3021 1320 3075 Schimp.
1351 3033 1449 3063 exs.
1594 3077 1620 3112 8
