2065 3271
100 294 338 344 Euphorbz'a.
814 297 1143 325 EUPHORmACEAE.
1693 287 1784 324 1111

494 407 505 419 ·
521 406 532 418 “
557 405 713 441 Semina
732 408 956 440 transverse
974 402 1133 438 sulcata.
1154 423 1197 429 —
1216 404 1368 439 Annuae

157 498 224 540 68.
248 497 305 538 E.
332 495 545 539 falcata
567 495 632 550 (L.
658 495 729 549 Sp.
752 496 858 548 654)
879 506 1020 535 annua
1041 493 1184 546 glabra
1207 495 1481 546 glauccsccns
1505 494 1690 547 simplex
1716 492 1782 533 vrl

100 555 361 601 multicaulis
388 555 559 607 pumila,
593 555 788 597 caulibus
815 553 970 595 erectis
1004 553 1067 594 vel
1108 553 1454 603 ascendentibus,
1485 553 1665 594 ramulis
1691 564 1782 594 um-

100 615 309 667 bellaeque
333 613 466 654 radiis
497 614 631 655 ternis
661 614 802 655 rarius
831 613 903 653 4-5
932 611 1117 653 iteratim
1146 611 1301 662 bifidis,
1328 612 1440 654 soliis
1464 611 1642 663 integris
1666 623 1781 653 mar-

99 675 195 728 gine
219 671 523 714 scabriusculis
556 672 645 713 basi
681 670 914 714 attenuatis
946 669 1104 711 infimis
1132 670 1590 723 oblongo-spatlmlatis
1614 669 1783 711 obtusis

102 734 167 775 vel
194 731 354 773 retusis
377 731 542 771 caeteris
567 731 812 773 lanceolatis
832 728 1312 777 acutiS,umbella1·ibus
1330 729 1538 782 oblongis,
1559 728 1782 770 floralibus

100 790 237 834 oratis
261 790 324 830 vel
346 788 544 840 ellipticis
569 787 1096 830 m[seronato-acuminatis
1118 786 1320 840 obliquis,
1341 788 1550 830 involucri
1574 786 1781 828 turbinati

101 849 209 892 lobis
230 848 368 889 ovalis
393 846 630 896 fimbriatis,
648 847 862 899 glandulis
882 850 1129 889 transverse
1150 845 1372 887 latioribus
1390 846 1608 888 cornubus
1630 846 1782 897 longis.

100 907 285 961 capsulae
320 909 454 948 ovatae
480 906 614 947 coccis
647 905 867 955 carinatis,
897 904 1062 946 semine
1094 904 1594 957 oblongo-quadrangulo
1633 905 1784 946 latera-

100 968 197 1009 liter
220 975 466 1017 compresso
490 964 541 1005 ad
569 965 696 1006 facies
722 969 970 1006 transverse
986 967 1028 1005 et
1045 963 1305 1015 regulariter
1329 963 1606 1014 4-6-sulcato‚
1632 975 1783 1005 carun-

100 1025 193 1068 cula
227 1024 401 1065 minima
428 1023 492 1063 vel
528 1023 684 1075 szepius
718 1023 835 1065 nulla
863 1030 925 1072 Q).
966 1022 1016 1063 lc.
1051 1021 1171 1075 Jacq.
1213 1022 1360 1063 Austr.
1394 1021 1446 1064 ΙΙ.
1486 1021 1570 1064 tab.
1614 1023 1783 1063 1⁹21.—

100 1082 230 1126 Rcbb.
263 1080 407 1123 Germ.
446 1081 513 1134 fig.
542 1083 670 1124 4776.
706 1105 754 1111 —-
787 1080 836 1122 E.
871 1081 1123 1122 acuminata
1156 1079 1274 1122 Lam.
1311 1079 1418 1121 Dict.
1451 1078 1499 1130 lt,
1527 1093 1563 1132 p.
1592 1082 1692 1122 4⁶26.
1730 1104 1780 1110 -—

100 1141 147 1184 E.
167 1140 351 1183 obscura
374 1139 530 1182 Loisel.
562 1139 655 1182 Not.
683 1153 718 1194 p.
747 1140 815 1190 76,
839 1140 925 1182 tab.
947 1141 986 1189 5,
1015 1141 1083 1192 lig.
1105 1140 1143 1180 Ξ.
1170 1162 1228 1167 -
1255 1138 1299 1180 Ε.
1326 1141 1583 1180 mucronata
1608 1140 1723 1180 Lam.

141 1214 243 1249 Hah.
273 1214 311 1249 in
341 1212 454 1248 cultis
485 1213 604 1248 totius
633 1213 795 1248 ditionis
823 1224 846 1247 a
872 1213 1042 1248 Graecia!
1079 1211 1127 1247 ad
1158 1212 1368 1247 Tauriaml
1398 1221 1507 1257 prov.
1528 1212 1783 1247 Caucasieasl

96 1260 475 1352 Syriassil'f’ersiam
508 1260 589 1295 hor.
622 1264 658 1295 et
686 1260 918 1295 australem!
963 1259 1219 1305 Affghaniam
1263 1258 1420 1303 (Griffl)
1453 1261 1491 1293 et
1522 1259 1786 1294 Belutsebiam

101 1309 208 1352 (Stoc
225 1318 279 1342 ⁷8.
304 1336 311 1342 .

154 1373 198 1427 β.
226 1372 376 1415 rubra.
405 1397 457 1402 —-
481 1373 630 1415 Minor.
659 1377 743 1415 tota
770 1374 946 1416 rubens.
967 1396 1021 1405 —
1051 1371 1097 1414 E.
1121 1371 1261 1414 rubra
1287 1371 1385 1413 Gav.
1406 1371 1460 1413 Ic.
1482 1370 1513 1423 I,
1538 1372 1618 1413 tab.
1641 1372 1708 1412 34.

146 1448 248 1485 Hah.
268 1449 307 1483 in
325 1448 476 1484 Graecia
495 1449 595 1484 circa
612 1448 787 1484 Athenas
803 1447 946 1494 (Sprun
966 1450 1002 1492 !).

157 1535 196 1575 y.
225 1513 407 1557 Galiloea
442 1514 578 1557 Boiss.
616 1515 656 1556 in
692 1527 772 1556 D.c.
812 1514 967 1556 Prodr.
1009 1538 1062 1543 —-
1096 1513 1210 1555 Folia
1244 1513 1408 1555 floralia
1451 1525 1583 1566 parva
1616 1513 1784 1563 dissita,

99 1574 271 1628 capsula
300 1574 437 1615 minor
468 1574 636 1626 lougius
665 1574 870 1626 stipilata,
894 1573 1071 1614 seminis
1098 1572 1273 1614 dimidio
1301 1573 1477 1615 minoris
1501 1572 1607 1614 sulci
1634 1572 1786 1614 abbre-

102 1633 204 1675 viati
228 1632 279 1674 ad
306 1632 495 1674 foveolas
514 1633 694 1675 reducti.
715 1656 764 1662 —
788 1630 834 1672 Ε.
853 1631 1030 1674 Galiloea
1048 1631 1183 1674 Boiss.
1208 1631 1355 1684 Diagn.
1376 1630 1467 1673 Ser.
1493 1631 1520 1683 l,
1544 1632 1608 1681 112,
1628 1644 1666 1685 p.
1692 1632 1783 1673 116.

145 1706 246 1742 Hah.
278 1707 315 1741 in
348 1706 464 1741 cultis
490 1706 685 1741 Anatoliae
715 1705 763 1740 ad
794 1705 925 1740 Tokat
955 1705 1148 1749 (Wiedem
1163 1707 1200 1749 1),
1231 1705 1377 1740 Ciliciae
1405 1705 1549 1750 (Ball),
1583 1705 1706 1750 Syriae
1737 1705 1784 1740 ad

98 1754 281 1790 Sidonem
299 1753 430 1798 (Boiss
446 1755 483 1799 Ι),
510 1753 673 1789 Galileae
692 1753 822 1797 (Boiss
837 1754 873 1798 !)‚
901 1763 1009 1799 prov.
1028 1753 1328 1788 Caucasicarum
1346 1753 1514 1797 (Szovl).

155 1820 193 1863 ὃ.
218 1820 440 1861 ccormcta.
476 1843 529 1849 --
567 1817 791 1860 Glandulae
826 1830 987 1861 cornua
1019 1819 1276 1862 brevissima
1311 1819 1379 1860 vel
1407 1818 1612 1861 obsoleta.
1647 1842 1699 1849 —
1733 1818 1780 1860 E.

100 1879 286 1921 caudata
310 1877 446 1920 Boiss.
472 1881 514 1921 et
540 1877 725 1920 Haussk.
755 1879 858 1920 Mss.

144 1953 246 1989 Hah.
267 1953 305 1988 in
325 1952 507 1988 calc-areis
533 1953 657 1988 Gebel
676 1953 887 1988 Muhassan
906 1964 1025 2000 prope
1044 1953 1199 2000 Aleppo
1217 1952 1342 1999 Syriae
1369 1955 1406 1988 et
1432 1954 1470 1988 in
1498 1953 1650 1988 deserto
1672 1954 1783 1989 fluvii

99 2000 258 2036 Chahur
277 2000 567 2046 Mesopotamiae
586 2000 760 2044 (Haussk
778 2002 816 2045 !).

141 2066 202 2101 Ar.
221 2065 352 2109 Geoqr.
378 2064 537 2111 Europa
557 2065 683 2100 media
702 2068 739 2100 et
759 2065 941 2100 australis
970 2076 992 2099 a
1009 2064 1139 2099 Gallia
1169 2067 1205 2100 et
1232 2065 1441 2100 Germania
1467 2064 1597 2100 media
1623 2065 1671 2099 ad
1691 2065 1785 2100 Dal—

96 2113 257 2148 matiam
276 2114 314 2147 et
330 2112 530 2157 regionem
550 2112 826 2157 Danubialem,
845 2113 976 2147 Africa
993 2112 1176 2147 borealis.

97 2246 107 2257 ·
122 2246 131 2257 ·
148 2244 158 2256 ·
185 2242 346 2279 Semina
362 2242 700 2290 longitudinaliter
717 2244 867 2279 sulcata
885 2244 948 2279 vel
967 2244 1143 2279 seriebus
1163 2243 1518 2289 longitudinalibus
1537 2243 1784 2279 foveolarum

580 2291 806 2336 regulariter
831 2293 1030 2326 instructa.
1056 2311 1101 2316 -—
1127 2292 1293 2326 Annuae.

155 2381 223 2423 69.
256 2380 312 2423 E.
340 2381 790 2436 aulacosperma
814 2383 974 2436 (Boiss.
997 2382 1147 2436 Diagu.
1177 2382 1271 2425 Ser.
1301 2382 1332 2433 Ι,
1355 2384 1418 2430 12,
1446 2396 1485 2436 p.
1520 2382 1621 2436 117)
1644 2396 1786 2425 annua

98 2439 245 2492 glabra
269 2440 444 2493 pumila,
468 2440 663 2483 caulibus
690 2442 845 2484 erectis
869 2442 1030 2496 saepius
1057 2442 1254 2492 ramosis,
1281 2441 1478 2484 umbellae
1500 2441 1632 2483 radiis
1651 2442 1786 2483 ternis

96 2498 260 2551 pluries
295 2498 565 2550 dichotomis,
596 2500 707 2543 foliis
744 2500 1082 2542 membranaceis
1114 2500 1306 2544 obsolete
1338 2500 1613 2543 denticulatis
1641 2514 1663 2542 a
1692 2501 1783 2542 basi

96 2559 312 2600 attenuata
334 2557 527 2600 obovatis
553 2558 719 2600 obtusis
746 2560 811 2601 vel
835 2561 1009 2609 retusis,
1038 2559 1262 2602 floralibus
1293 2559 1786 2612 triangulari-rliombeis

98 2615 285 2670 obliquis
326 2627 438 2670 saepe
474 2620 725 2660 transverse
763 2618 999 2665 latioribus,
1036 2618 1249 2661 involucri
1285 2618 1492 2660 turbinati
1531 2619 1647 2659 intus
1686 2618 1784 2659 liirti

98 2672 206 2717 lobis
236 2675 372 2718 ovatis
408 2676 617 2718 truncatis
652 2677 819 2725 ciliatis,
845 2678 1145 2730 glandularum
1182 2677 1401 2719 cornubus
1434 2678 1528 2730 ejus
1562 2676 1788 2719 latitudine.

99 2732 264 2788 2-3-plo
291 2734 569 2787 longioribus,
589 2737 764 2788 capsula
788 2739 911 2778 ovata
936 2737 1143 2790 depressa
1170 2736 1381 2790 profunde
1405 2736 1598 2783 trisulca,
1622 2737 1786 2778 semiue

97 2795 221 2835 ovato
250 2795 447 2835 truncato
471 2793 840 2846 longitudinaliter
868 2796 1255 2847 nigro-sexsulcato
1280 2795 1361 2837 sub
1389 2795 1502 2837 lente
1529 2794 1785 2838 tenuissime

97 2852 311 2903 asperulo,
335 2853 568 2895 caruncula
596 2853 804 2908 depressa
835 2858 898 2904 O.
932 2854 1069 2896 Boiss.
1092 2855 1229 2907 Eupli.
1259 2855 1312 2896 lc.
1341 2853 1423 2896 tab.
1452 2854 1520 2896 92.

141 2922 242 2959 Hah.
270 2924 310 2959 in
339 2924 452 2960 cultis
480 2924 627 2960 Cilicia»,
659 2926 706 2961 ad
734 2926 903 2961 Mersinn
938 2926 1025 2969 (13:11
1043 2929 1081 2971 l),
1107 2928 1232 2972 Syriae
1260 2926 1307 2962 ad
1329 2927 1541 2971 Berytllum
1571 2929 1608 2961 et
1634 2926 1785 2973 Tripoli

98 2968 213 3015 (Bit),
238 2971 479 3008 Damascum
505 2972 685 3018 (Gallu),
711 2973 846 3009 „ludum
875 2973 922 3008 ad
951 2974 1269 3019 Hierosolymam
1295 2974 1425 3018 (Boiss
1443 2976 1480 3019 !).

155 3036 198 3090 β.
228 3036 458 3089 fossulam
496 3037 635 3082 Boiss.
667 3039 708 3081 in
744 3053 823 3083 ας.
866 3040 1017 3082 Fredr.
1051 3065 1100 3071 -
1138 3040 1289 3093 Minor,
1329 3041 1506 3082 seminis
1544 3040 1783 3082 abbreviati
