2100 3262
298 205 369 241 542
1049 216 1247 244 LABIATAE.
1750 210 1985 261 Lavandula.

360 289 400 329 6.
438 287 494 330 L.
531 286 963 342 coronopifolia
996 289 1132 344 (Poir.
1163 290 1273 332 Dict.
1302 289 1356 342 II,
1380 303 1420 344 p.
1450 290 1555 347 398)
1580 291 1774 335 breviter
1790 297 1986 348 puberula

301 347 368 389 vel
393 346 542 399 glabra
565 346 831 390 multicaulis
854 348 1052 391 caulibus
1085 349 1212 403 longe
1245 350 1394 393 stricte
1420 353 1461 392 et
1494 351 1692 406 opposite
1717 357 1893 400 ramosis
1924 373 1986 405 su.

299 417 436 459 perne
465 406 694 457 subnudiS‚
721 405 832 449 foliis
863 410 1009 461 parvis
1033 408 1076 450 in
1099 408 1276 450 lacinias
1304 408 1499 451 breviter
1521 414 1564 451 et
1600 415 1783 463 anguste
1816 414 1987 465 lineares

300 463 618 518 pinnatisectis,
650 464 781 519 spicis
803 466 1010 509 solitariis
1035 468 1104 509 vel
1127 467 1385 521 paniculatis
1407 468 1570 511 strictis
1595 469 1733 522 longis
1754 475 1986 524 gracillimis

299 523 423 575 laxis,
456 524 640 567 floribus
669 524 898 578 oppositis,
936 526 1124 568 bracteis
1148 527 1291 579 calyce
1326 527 1463 569 multo
1497 527 1774 572 brevioribus
1810 530 1988 581 breviter

300 581 567 635 lanceolatis,
604 584 746 637 calyce
782 584 948 627 minute
982 585 1197 639 puberulo
1233 585 1468 639 cylindrico
1510 586 1714 629 dentibus
1756 589 1987 640 lanceolatis

301 641 440 684 acutis
468 642 725 696 aequalibus,
752 643 922 685 corollae
950 643 1054 686 tubo
1077 644 1220 698 calyce
1247 645 1455 698 longiore,
1481 645 1753 698 stigmatibus
1776 651 1907 693 ovatis
1935 660 1985 700 21,

300 699 347 799 IL.
378 700 601 802 oizgl'tojidg
620 700 776 803 B3u2rm.
810 701 873 743 Fl.
907 702 1001 744 Ind.
1031 704 1117 746 tab.
1150 704 1218 750 38,
1246 703 1315 756 fig.
1341 703 1370 744 Ι.
1396 727 1452 734 -
1475 703 1521 744 L.
1545 704 1703 745 striata
1729 706 1818 749 Del.
1839 708 1896 750 Fl.
1915 711 1983 766 Eg,

324 792 332 811 ,
361 771 400 811 p.
458 770 500 811 4,
550 774 572 802 a
607 794 614 801 .
711 791 720 800 .

350 833 452 868 Hah.
473 833 513 868 in
533 834 696 870 desertis
715 835 862 882 Egypti
880 845 999 882 prope
1018 836 1114 871 Suez
1133 835 1253 880 [Del.,
1274 836 1432 871 Ebrenb
1445 838 1482 880 l),
1503 837 1544 872 in
1559 837 1760 874 Thebaide
1779 839 1989 890 (Hussonn,

302 880 450 915 Arabia
482 884 614 927 petrea
637 881 685 917 ad
716 881 844 918 Ouadi
870 882 1032 918 Hebran
1062 883 1252 930 (Schimp.
1279 884 1393 928 1412).
1424 883 1475 919 ad
1505 883 1630 920 Ouadi
1660 885 1799 921 Scheik
1823 887 1989 936 (Boisssp

302 926 500 962 palestina
527 928 691 964 australi
721 939 841 976 prope
871 930 1031 965 Hebron
1064 930 1232 975 (Rothi),
1264 930 1396 966 Persia
1428 930 1590 966 australi
1627 931 1804 978 (Burm.)
1839 936 1988 975 Arabica

302 972 446 1010 Dictae
461 974 525 1010 vel
543 973 667 1013 Sz'ede'.

350 1039 475 1086 Spicis
498 1040 598 1076 laxis
617 1042 858 1077 tenuissimis
877 1052 900 1077 a
917 1041 964 1078 L.
986 1041 1211 1089 pubescente
1233 1045 1270 1078 et
1291 1042 1336 1078 L.
1357 1040 1557 1084 multifida*
1575 1043 1767 1079 distincta.

346 1106 407 1140 Ar.
432 1106 563 1151 Geoqr.
590 1105 733 1151 Nubia,
752 1107 899 1142 Arabia
917 1108 1075 1154 tropica.

350 1169 434 1204 Obs.
459 1168 504 1204 L.
524 1169 644 1216 Spica
665 1169 705 1205 L.
726 1174 762 1206 et
781 1169 826 1206 L.
846 1170 1011 1207 dentata
1029 1171 1069 1206 L.
1089 1181 1135 1206 ex
1159 1171 1292 1207 Prodr.
1321 1171 1375 1206 Fl.
1406 1171 1471 1207 Gr.
1502 1172 1542 1207 in
1567 1171 1717 1208 Graecia
1743 1148 1918 1210 indicatae
1940 1176 1989 1212 ihi

303 1218 531 1261 spontaneae
553 1226 633 1252 non
650 1220 838 1253 crescunt.

361 1349 482 1393 SEcT.
517 1349 590 1393 ΙΙΙ.
626 1350 971 1394 CHAETosTAcm's
995 1351 1090 1394 Btli.
1112 1376 1166 1380 —
1192 1350 1384 1394 Bracteae
1415 1352 1589 1406 spicatae
1613 1352 1790 1393 alternae
1816 1353 1858 1394 in
1896 1353 1988 1395 axil-

599 1410 653 1452 lis
683 1410 897 1452 uniflorae.
924 1422 1139 1464 supremae
1165 1423 1249 1452 non
1269 1422 1465 1453 comosae.
1489 1409 1653 1464 Calycis
1674 1411 1781 1453 dens
1804 1412 1989 1466 superior

599 1481 683 1511 non
713 1469 1084 1523 appendiculatus.

362 1581 397 1621 7.
434 1581 488 1624 L.
528 1578 809 1624 Subnuda
842 1580 962 1635 (Bth.
994 1582 1037 1624 in
1064 1595 1152 1626 Dc.
1186 1582 1318 1625 Prod.
1350 1581 1404 1625 12
1430 1596 1474 1637 p.
1501 1582 1606 1638 148)
1629 1584 1819 1626 tenuiter
1845 1584 1990 1637 pubes·

301 1651 421 1686 cens,
448 1639 648 1683 caulibus
673 1641 852 1693 virgatis
880 1641 1076 1693 opposite
1103 1645 1146 1684 et
1174 1643 1324 1684 stricte
1351 1643 1535 1684 ramosis
1568 1642 1853 1697 subapliyllis,
1890 1642 1989 1685 foliis

302 1701 451 1753 paucis
473 1699 622 1753 parvis
649 1699 863 1753 petiolatis
889 1699 1086 1753 oblongis
1124 1701 1406 1754 paucilobatis
1440 1701 1550 1744 tobis
1587 1701 1792 1744 brevibus
1819 1701 1989 1751 obtusis,

302 1758 434 1811 spicis
457 1757 693 1812 gracilibus
718 1759 928 1812 elongatis
964 1759 1256 1802 densiusculis
1287 1760 1492 1803 solitariis
1521 1761 1587 1803 vel
1615 1760 1836 1803 subternis
1860 1759 1989 1803 brevi—

302 1821 370 1859 ter
395 1816 711 1870 pedunculatis,
736 1817 922 1860 bracteis
946 1818 1475 1872 triangulari-lanceolatis
1515 1819 1906 1869 acuminatissimis⁷
1932 1830 1989 1860 ca-

303 1875 409 1929 lycis
437 1875 662 1929 cylindrici
689 1877 853 1918 minute
877 1877 1059 1919 velutini
1084 1877 1286 1920 dentibus
1321 1878 1798 1921 lanceolato-subulatis
1831 1875 1991 1931 aequali·

302 1934 396 1983 bus,
422 1935 594 1977 corollae
619 1935 724 1976 tubo
748 1936 866 1978 tenui
892 1936 1036 1989 calyce
1064 1936 1283 1990 subduplo
1307 1937 1515 1991 longiore.

348 2010 450 2046 Hab.
468 2011 509 2045 in
530 2020 650 2056 regno
667 2011 837 2047 Mascate
859 2012 1016 2058 Arabiae
1035 2012 1178 2055 (Auch.
1199 2012 1344 2058 52201).

350 2073 461 2109 Folia
479 2073 763 2120 semipollicem
777 2073 896 2119 longa
911 2074 974 2110 vel
989 2075 1155 2118 minora,
1173 2076 1288 2122 spicae
1304 2075 1640 2122 1-1¹s2-pollicares
1656 2085 1721 2112 eas
1736 2074 1784 2111 L.
1800 2082 1989 2119 coronopz-

299 2121 409 2165 folz'oe
429 2122 634 2157 referentes
656 2121 724 2157 sed
751 2122 882 2157 minus
902 2121 1004 2157 laxae
1024 2123 1060 2157 et
1084 2122 1197 2158 flores
1218 2122 1368 2158 alterni.

857 2290 932 2332 Ta.
969 2289 1042 2332 ΙΙΙ.
1077 2289 1467 2332 SATUREINEAE.

831 2421 1037 2470 ΜΕΝΤΗΑ
1078 2422 1138 2484 (ι.
1185 2423 1283 2471 sen.
1324 2437 1361 2484 p.
1400 2421 1515 2483 291).

364 2557 495 2612 Calyx
538 2558 869 2612 campanulatus
911 2557 1324 2610 quinquedentatuS.
1370 2554 1539 2599 Corolla
1585 2552 1988 2599 infundibuliformis

303 2616 407 2659 tubo
436 2617 602 2659 incluso
638 2617 801 2660 sensim
837 2617 883 2658 in
917 2616 1096 2658 limbum
1131 2616 1348 2671 ampliato,
1387 2615 1548 2658 limbus
1587 2614 1858 2670 quadrifidus
1901 2611 1990 2678 sutb-

302 2676 481 2730 aequalis
510 2675 662 2718 lacinia
700 2676 928 2729 superiore
954 2675 1203 2717 sublatiore.
1244 2674 1436 2717 Stamina
1470 2676 1497 2716 4
1530 2674 1712 2729 aequalia
1748 2677 1887 2715 erecta
1915 2670 1991 2734 dis-

302 2734 452 2786 tantia,
480 2734 697 2776 filamenta
726 2734 874 2787 glabra
897 2733 1030 2785 nuda,
1054 2733 1245 2776 antherae
1268 2733 1396 2776 loculi
1418 2733 1615 2787 paralleli
1643 2732 1766 2775 rimis
1784 2728 1989 2785 parallelis

304 2793 590 2835 dehiscentes.
615 2791 764 2846 Stylus
791 2793 984 2834 breviter
1011 2792 1188 2843 bifidus,
1224 2792 1394 2834 nuculae
1419 2795 1557 2834 ovatae
1591 2793 1739 2834 laeves.
1765 2815 1817 2821 -—
1844 2786 1987 2852 Herbae

303 2863 520 2905 perennes
546 2851 864 2894 verticillastris
899 2851 942 2892 in
969 2851 1130 2905 spicam
1153 2854 1228 2893 aut
1252 2850 1487 2904 capitulum
1512 2850 1742 2894 terminale
1768 2849 1987 2900 congestis,

303 2910 372 2952 vel
396 2910 592 2952 remotis.
621 2909 795 2964 Species
823 2910 971 2964 plures
1008 2909 1406 2964 polygamo-dioicae
1431 2910 1601 2952 corollae
1639 2906 1928 2961 magnitudine
1952 2903 1989 2943 et

303 2969 562 3012 staminibus
589 2969 769 3012 inclusis
798 2972 873 3011 aut
898 2968 1088 3011 exsertis
1112 2968 1349 3011 variantes.
