2100 3262
288 240 360 279 336
946 250 1358 278 SCROPHULARIACEAE.
1751 241 1999 288 Verbascum.

293 325 387 368 laxe
415 324 606 378 spicatis‚
638 323 825 365 bracteis
847 322 1041 369 minimis
1070 324 1209 367 ovatis
1231 325 1384 367 acutis.
1412 323 1555 378 calyce
1583 324 1998 379 viscidulo-glandu·

292 383 383 426 loso
417 383 751 438 (sesquilineam
788 383 934 436 longo)
976 383 1016 424 iu
1058 382 1237 426 lacinias
1271 383 1634 436 elliptico-ovatas
1666 389 1812 426 acutas
1849 386 1899 428 ad
1943 387 1996 441 Ὗς,

293 443 464 496 partito,
492 442 652 485 corolla
676 442 807 488 lutea,
837 442 1071 485 filamentis
1097 441 1451 492 fluvido-lanatis,
1488 444 1664 495 capsula
1690 445 1817 486 ovata
1840 445 1996 490 obtusa

288 501 438 555 glabra
462 502 606 555 calyce
631 500 977 554 sesquilongiore
998 500 1066 555 Q).

337 574 437 610 Hab.
458 575 498 609 in
519 574 706 610 fruticetis
726 574 867 619 apricis
885 574 1007 609 Tauri
1031 573 1193 609 Isaurici
1215 573 1315 609 inter
1333 573 1530 609 Karaman
1556 576 1593 609 et
1612 574 1807 611 Ermenek
1833 576 1872 612 in
1892 577 1997 614 valle

290 619 445 668 Djoksu
465 632 585 668 prope
603 620 876 657 Pichacktschi
894 620 1037 665 (Heldr
1049 622 1076 666 l)
1094 620 1154 656 Fi.
1174 620 1265 656 Jun.

336 687 491 723 Gracile
512 685 805 733 quadripedale,
825 685 921 721 folia
938 685 1121 721 inferiora
1139 684 1440 732 2¹s2-3-pollices
1466 685 1584 731 longa
1604 686 1784 732 pollicem
1812 688 1878 723 vix
1899 688 1997 734 lata,

288 743 394 781 caps.
424 745 556 779 magn.
585 734 680 769 Pisi.
731 733 857 768 Affine
890 732 929 766 V.
965 732 1141 769 Isaurico
1171 733 1348 780 specifice
1379 732 1533 768 differre
1560 733 1715 769 videtur
1741 734 1846 770 foliis
1874 736 1997 772 mino*

288 781 431 865 Elbbtltllqsa
440 783 561 817 ramis
589 781 749 827 longius
775 781 952 826 virgatis,
982 780 1146 816 floribus
1175 780 1334 816 brevius
1368 779 1624 826 pedicellatis,
1653 781 1816 826 capsula
1850 793 1999 829 malore

352 939 422 981 92.
450 938 510 980 V.
536 936 947 982 adenocaulon
985 935 1147 992 (Boiss.
1178 941 1218 979 et
1247 936 1336 979 Bal.
1367 937 1523 989 Diagn.
1550 935 1642 978 Ser.
1683 938 1738 982 ΙΙ,
1766 939 1808 989 6,
1838 951 1874 991 p.
1895 937 1996 991 1128)

291 997 462 1047 bienne,
484 998 605 1041 caule
630 998 799 1039 inferne
822 998 974 1041 folioso
999 1000 1042 1040 et
1064 996 1518 1039 arachnoideo-lanato
1547 995 1647 1040 dein
1669 996 1786 1039 nudo
1819 998 1996 1051 panicu-

291 1056 376 1100 lato
408 1060 453 1099 ut
479 1060 565 1099 tota
589 1056 915 1099 inflorescentia
943 1060 1105 1109 praeter
1128 1055 1358 1109 glandulas
1385 1054 1586 1096 minimas
1625 1067 1799 1108 sparsas
1833 1057 1998 1109 glabro,

289 1115 404 1158 foliis
427 1115 638 1170 adpresse
661 1116 1091 1158 arachnoideo-canis
1119 1114 1329 1157 brevibus
1357 1113 1616 1156 radicalibus
1655 1115 1869 1168 petiolatis
1898 1128 1994 1157 ova-

293 1175 348 1218 tis
376 1174 674 1218 obtusissimis
702 1175 896 1217 obsolctc
927 1175 1152 1227 repandis,
1176 1173 1359 1216 caulinis
1377 1173 1527 1227 paucis
1547 1173 1752 1216 consertis
1769 1174 1997 1217 diminutis

291 1234 489 1286 oblongis
514 1234 762 1286 sessilibus‚
789 1233 974 1276 floribus
999 1234 1206 1276 solitariis
1228 1232 1434 1285 pedicello
1454 1233 1596 1285 calyce
1618 1232 1818 1274 breviore
1838 1233 1993 1276 sufful-

291 1293 346 1336 tis
377 1294 470 1335 laxe
491 1293 742 1342 racemosis,
772 1293 958 1336 bracteis
986 1292 1226 1336 linearibus
1261 1291 1464 1335 minimis,
1493 1293 1636 1346 calyce
1662 1291 1996 1346 (sesquilineam

290 1352 440 1407 longo)
479 1353 522 1395 in
562 1351 739 1394 lacinias
782 1352 968 1394 lineares
1008 1352 1301 1395 acutiusculas
1339 1350 1493 1403 partito
1535 1350 1751 1404 glandulis
1790 1351 1996 1405 stipitatis

289 1411 447 1462 obsito,
500 1412 736 1455 filamentis
782 1411 958 1453 sordide
1007 1410 1334 1454 albo-barbatis,
1384 1409 1657 1462 longioribus
1698 1411 1817 1463 apice
1855 1410 1998 1462 nudis,

291 1471 454 1513 corolla
484 1471 634 1524 parva,
663 1471 842 1524 capsula
874 1470 1024 1523 glabra
1057 1472 1181 1514 ovata
1214 1470 1370 1512 obtusa
1402 1471 1655 1511 mucronata
1688 1470 1830 1522 calyce
1864 1469 1997 1524 duplo

290 1530 483 1583 longiore
510 1530 581 1585 Q).

289 1606 435 1698 (BHlab.
456 1606 499 1642 in
518 1605 685 1643 collibus
712 1606 761 1642 ad
788 1607 919 1642 rivum
938 1606 1160 1651 Kamechly
1185 1605 1308 1641 Tchai
1336 1614 1456 1651 prope
1489 1604 1700 1650 Bereketly
1730 1604 1994 1651 Cappadociae

342 1665 363 1690 a
386 1657 423 1698 l).

333 1717 394 1753 Ex
412 1718 527 1753 unico
548 1717 762 1763 specimine
780 1717 1047 1763 sesquipedali
1068 1719 1222 1760 notum,
1239 1716 1362 1752 caulis
1384 1716 1534 1751 inferne
1551 1714 1663 1751 brevi
1683 1715 1811 1761 spatio
1831 1714 1997 1750 foliosus

289 1763 380 1801 dein
404 1764 654 1812 paniculatus
672 1765 814 1807 nudus,
832 1763 927 1803 solia
948 1764 1136 1800 radicalia
1152 1774 1240 1800 cum
1258 1763 1405 1810 petiolo
1424 1763 1489 1799 2-3
1503 1763 1664 1809 pollices
1681 1762 1813 1807 longa,
1835 1762 1997 1809 capsula

287 1812 373 1859 piso
396 1812 612 1848 subminor
636 1812 761 1847 Affine
791 1811 827 1846 V.
848 1811 1070 1847 rubr-imula·
1095 1812 1145 1847 ab
1164 1822 1208 1847 eo
1228 1814 1265 1846 et
1282 1811 1432 1846 caeteris
1455 1811 1584 1856 gregis
1602 1810 1835 1845 indumento
1862 1810 1997 1845 arach-

286 1859 581 1942 nfideo-lanato
610 1859 793 1895 foliorum
813 1858 1054 1906 discrepans,
1085 1859 1331 1894 bractearum
1366 1860 1403 1894 et
1430 1858 1575 1903 calycis
1601 1856 1835 1892 laciniarum
1869 1857 1996 1892 torma

289 1916 309 1942 a
330 1918 429 1943 lena.

347 2014 417 2056 93.
450 2014 510 2056 V.
547 2013 820 2057 Graecum
855 2012 1027 2067 (Heldr.
1056 2016 1099 2054 et
1139 2011 1250 2054 Sart.
1285 2012 1327 2053 in
1361 2011 1496 2054 Boiss.
1538 2011 1691 2065 Diagn.
1725 2011 1818 2053 Ser.
1861 2011 1913 2061 Il,
1959 2012 1997 2062 3,

289 2085 327 2128 p.
360 2071 462 2127 148)
496 2073 667 2125 bienne,
693 2072 815 2114 caule
841 2084 988 2114 crasso
1014 2074 1173 2125 praeter
1197 2071 1319 2113 basin
1357 2071 1550 2113 foliosam
1587 2071 1993 2113 albo-tomentosan]

289 2132 438 2187 glabro
473 2133 556 2175 cito
589 2133 633 2173 in
678 2131 924 2186 paniculam
956 2132 1144 2185 amplam
1181 2130 1523 2173 ramosissimani
1569 2130 1761 2183 glabram
1792 2129 1996 2175 abeunte.

287 2192 402 2235 foliis
439 2191 619 2243 integris
654 2191 723 2233 vel
765 2189 1060 2243 subrepandis
1103 2189 1560 2235 inferioribusdense
1599 2189 1808 2242 pannosis
1854 2189 1995 2231 niveis

288 2250 484 2293 obovatis
511 2251 578 2293 vel
608 2250 804 2301 oblongis
832 2249 874 2290 in
894 2250 1101 2302 petiolum
1122 2249 1374 2295 attenuatiS‚
1397 2248 1578 2290 caulinis
1599 2248 1747 2301 paucis
1768 2247 1995 2290 diminutis

287 2309 517 2354 sessilibus
560 2313 750 2353 tomento
789 2308 982 2351 detersili
1023 2308 1197 2351 tandem
1238 2307 1464 2360 glabralis‚
1505 2307 1723 2350 fasciculis
1773 2307 1996 2349 [wassoi-is

287 2369 541 2412 subdissitis
569 2369 756 2411 bracteis
784 2368 1023 2410 linearibus
1047 2367 1243 2410 suffultis
1271 2378 1465 2409 racemos
1493 2366 1640 2419 longos
1661 2368 1781 2409 laxos
1811 2366 1997 2408 forman-

287 2427 418 2477 tibus,
453 2428 674 2482 pedicellis
692 2426 825 2480 calyci
850 2427 1108 2480 aequilongis
1128 2427 1194 2469 vel
1223 2426 1505 2478 longioribus
1529 2427 1673 2479 calyce
1695 2425 1996 2478 glabriusculo

290 2487 465 2541 (lineam
503 2488 648 2541 longo)
683 2488 733 2529 ad
766 2486 887 2527 basin
916 2487 960 2528 in
997 2486 1172 2528 lacinias
1201 2486 1389 2527 lineares
1417 2485 1596 2527 obtusas
1628 2485 1801 2537 partito.
1833 2484 1994 2528 corolla

290 2549 422 2599 parva
448 2547 578 2597 lutea,
604 2545 836 2588 filamentis
861 2545 1036 2588 sordide
1061 2544 1383 2587 albo-barbatis.
1416 2544 1685 2597 longioribus
1705 2544 1824 2596 apice
1849 2543 1993 2593 nudiS,

286 2606 463 2660 capsula
492 2606 665 2648 demum
690 2604 885 2659 glabrata
911 2604 1150 2658 cylindrica
1173 2604 1317 2656 calyce
1342 2604 1472 2657 triplo
1498 2603 1690 2656 longiore
1714 2603 1788 2658 &-

334 2679 434 2716 Hab.
453 2681 494 2715 in
515 2681 676 2726 regione
695 2679 868 2714 inferiori
883 2680 921 2714 et
939 2678 1068 2721 media
1081 2679 1227 2714 montis
1242 2678 1389 2714 Parnes
1405 2678 1542 2714 Atticae
1561 2676 1792 2713 amu-250&
1809 2676 1997 2722 (Heldrl)-

342 2746 384 2799 β.
421 2746 675 2789 AEtolicmn.
716 2770 770 2776 —
810 2744 928 2788 Folia
970 2745 1130 2798 majOra
1174 2745 1350 2788 tenuius
1399 2748 1640 2787 tomentosa
1690 2743 1960 2786 subvircntia
1985 2777 1994 2792 ‚

285 2806 473 2859 capsulae
508 2805 636 2860 paulo
666 2805 866 2859 maj0ras.

332 2880 433 2916 Hah.
453 2881 494 2916 in
511 2882 645 2916 monte
662 2878 961 2926 Arapocephala
980 2879 1138 2915 AEtoliae
1157 2879 1326 2924 (Samar.
1347 2881 1384 2914 et
1401 2878 1570 2919 Guiccll.

343 2967 380 3006 7.
403 2946 672 2989 Zaccare'ne'ess.
698 2971 747 2977 —
765 2946 884 2990 Folia
901 2947 1099 2990 radicalia
1130 2946 1353 2989 obtusiora
1380 2944 1993 2999 spathulato-suborbiculata‚

286 3005 418 3050 flores
446 3018 574 3049 secus
606 3007 820 3061 paniculae
855 3018 998 3049 ramos
1033 3005 1122 3048 bini
1164 3006 1230 3048 vel
1268 3006 1463 3054 solitarii,
1495 3005 1651 3058 calycis
1686 3004 1852 3047 laciniae
1890 3003 1987 3045 sub·
