2065 3271
118 257 396 307 Cynoaeambe.
802 271 1122 298 CYNOCRAMBEAE.
1725 263 1794 299 897

117 353 210 386 cum
247 345 454 397 perigenii
494 346 623 389 limbo
658 346 880 388 deciduus.
917 344 1095 387 Nuculae
1132 346 1416 400 perlearpium
1457 348 1791 389 crassinsculum

115 403 568 504 {arrugirltisgciculas
591 405 861 458 crystallinas
893 403 1216 446 occludentibus
1249 408 1290 446 et
1319 406 1442 448 lincis
1480 405 1792 459 longitudinali·

147 472 198 503 us
221 473 244 502 o
278 474 311 503 si
338 475 360 503 u
414 495 420 502 .

178 574 214 614 1.
249 572 303 618 C.
333 575 639 626 prostrata
669 573 854 628 (Goertn.
892 572 957 614 Fr.
986 572 1017 624 l,
1042 586 1083 626 p.
1112 573 1206 622 362,
1241 573 1322 614 tab.
1358 574 1432 628 75)
1464 588 1603 616 annua
1635 587 1656 615 a
1683 575 1790 616 collo

115 640 229 683 eaepe
263 643 430 672 ramosa
462 632 593 672 ramis
628 632 784 685 patulis
812 631 1010 680 flaccidis,
1039 631 1147 673 foliis
1185 632 1397 684 petiolatis
1429 634 1792 674 ovato-rliuuibeis

114 690 306 740 margine
326 688 535 731 scabridis
553 690 830 732 inferioribus
848 689 1056 743 oppositis
1075 689 1372 742 superioribus
1395 691 1447 732 ob
1469 692 1650 732 alterum
1677 692 1790 744 paris

115 745 374 789 diminutum
418 748 483 788 vel
528 748 770 790 aborUvum
816 748 1010 796 alternis,
1052 748 1223 800 stipulis
1261 748 1790 803 membranaceo-liyalinis

113 802 296 857 integris
330 806 395 847 vel
425 806 611 848 dentatis
648 807 844 848 soliorum
879 807 1173 859 oppositorum
1201 807 1389 848 connatis
1418 808 1680 849 alternorum
1708 821 1792 848 ain·

114 862 440 918 plexicaulibus,
466 864 647 906 floribus
668 865 844 908 minutis
870 865 1110 907 virentibus
1125 864 1367 907 sessilibus.
1391 866 1590 906 masculis
1612 865 1791 918 geminis

114 931 269 965 versus
306 935 499 966 summos
536 935 677 965 ramos
716 923 825 966 foliis
859 924 1037 965 alternis
1075 922 1283 977 oppositis
1316 923 1458 968 nudis,
1506 924 1702 965 femineis
1740 923 1791 966 ad

113 978 313 1022 foliorum
356 982 595 1033 praesertim
636 982 928 1036 oppositorum
971 982 1122 1024 axillas
1160 981 1380 1024 subternis
1420 981 1690 1024 bracteolatis
1731 984 1790 1030 O.

118 1035 396 1091 Theliqonum
419 1039 707 1093 Cynoorambe
730 1039 774 1081 L.
804 1039 876 1094 Sp.
914 1041 1036 1082 1411.
1061 1063 1118 1071 —
1144 1040 1201 1081 Fl.
1229 1040 1391 1086 (ἕτερου,
1423 1041 1502 1081 tab.
1524 1042 1621 1081 94¹.

160 1109 262 1147 Hah.
283 1111 331 1147 ad
352 1123 495 1155 muros,
519 1113 557 1147 in
575 1112 726 1147 saxosis
747 1111 941 1147 umbrosis
958 1114 1128 1157 regionis
1148 1113 1342 1148 inferioris
1361 1114 1397 1146 et
1418 1116 1624 1156 montanae,
1643 1112 1793 1148 Graecia

115 1158 153 1193 et
170 1159 253 1203 ejus
272 1158 409 1194 insulae
423 1160 550 1204 (Marg
565 1161 572 1193 l
588 1161 734 1204 Sprunl
755 1159 923 1203 Heldrl),
939 1159 1108 1195 Thracta
1126 1159 1173 1194 ad
1189 1160 1423 1204 Byzantium
1439 1159 1615 1202 (misem
1634 1159 1791 1201 Auem),

114 1204 299 1240 Anatolia
319 1205 503 1240 littoralis
522 1206 775 1241 occidentalis
795 1208 831 1240 et
850 1206 1033 1241 australis
1060 1207 1249 1250 (Fleisclil
1270 1206 1447 1250 Bourgl),
1476 1206 1591 1250 Syria
1613 1204 1792 1240 littoralis

166 1251 326 1296 lirenbl)
356 1255 394 1287 et
424 1253 470 1287 ad
506 1253 742 1288 Damascum
773 1252 933 1297 (Grallll)
974 1255 1012 1287 et
1044 1253 1197 1298 Aleppo
1223 1253 1351 1298 (Kyl)‚
1383 1252 1581 1288 Pales-tina
1610 1252 1792 1296 (Bois-si),

148 1307 269 1344 yprus
291 1299 421 1345 (Κγῐ),
441 1299 735 1345 Mesopotamiae
758 1310 871 1334 mons
892 1300 1045 1344 Sindjar
1065 1299 1288 1344 (Hausskl).

115 1406 144 1445 C
160 1363 220 1398 Ar.
242 1363 372 1416 Geoqr.
399 1364 521 1410 Regio
551 1365 838 1400 mediterranea
864 1365 986 1400 totius
1017 1364 1184 1410 Europae
1217 1366 1255 1400 et
1281 1364 1420 1400 Atricae
1448 1363 1630 1409 borealis,
1654 1361 1793 1398 insulae

147 1418 383 1446 auarienses.

472 1540 627 1587 om).
681 1539 870 1588 XCIX.
922 1539 1417 1587 SALSOLACEAE.

407 1657 534 1711 (Moq.
562 1657 604 1699 in
626 1669 710 1700 uc.
734 1656 887 1700 Prodr.
911 1680 967 1686 —
991 1656 1276 1709 Chenopodeae
1302 1656 1500 1709 Venten.)

170 1774 318 1819 Flores
352 1775 691 1829 liermapliroditi
726 1774 937 1828 polygami
963 1775 1028 1816 vel
1057 1774 1193 1816 dioici.
1233 1773 1507 1827 Perigonium
1533 1772 1788 1815 herbaceum

112 1833 353 1889 persistens
389 1834 681 1888 3-5—phyllum
715 1833 936 1876 interdum
969 1833 1227 1888 diphyllum,
1266 1833 1423 1887 phyllis
1462 1833 1558 1886 plus
1592 1833 1793 1873 minusve

111 1892 276 1937 coalitis
299 1892 566 1934 aestivatione
592 1892 839 1935 imbricatis.
877 1891 1066 1934 Stamina
1090 1891 1219 1946 quina
1244 1892 1310 1933 vel
1335 1892 1535 1946 pauciora
1562 1891 1791 1944 hypogyna

113 1951 178 1995 vel
205 1952 411 2004 perigyna
431 1951 562 1993 libera
587 1952 654 1993 vel
672 1951 714 1993 in
733 1951 933 2004 cupulam
955 1951 1119 2001 coalita,
1140 1950 1407 1992 staminodiis
1427 1949 1643 1993 interdum
1664 1948 1794 1989 inter-

108 2009 247 2065 ¹iectiS.
275 2010 432 2052 Discus
464 2010 719 2063 hypogyuus
747 2009 858 2052 intra
885 2009 1067 2052 stamina
1089 2009 1154 2051 vel
1188 2008 1343 2051 nullus.
1374 2007 1580 2051 Ovarium
1608 2007 1790 2049 liberum

111 2070 179 2113 vel
205 2068 373 2110 inferne
402 2068 619 2122 perigenio
652 2068 854 2110 adnatum
890 2067 1155 2110 uniloculare
1187 2066 1486 2110 uniovulatum
1521 2067 1649 2108 evulo
1680 2064 1791 2106 basi-

111 2126 211 2177 fixo,
246 2127 347 2181 styli
375 2128 399 2168 2
427 2127 569 2169 rarius
596 2127 671 2169 3-4
704 2126 878 2168 discreti
908 2127 974 2168 vel
1000 2126 1089 2168 basi
1116 2126 1271 2168 coaliti.
1303 2125 1488 2168 Fructus
1519 2124 1790 2166 indeliiscens

109 2183 222 2229 intra
247 2185 514 2240 perigenium
548 2198 662 2229 nunc
693 2186 965 2227 immutatum
990 2196 1106 2226 nunc
1128 2184 1378 2226 induratum
1409 2196 1521 2226 nunc
1547 2193 1789 2232 carnosum,

111 2255 227 2288 nunc
259 2244 377 2286 varie
411 2244 788 2298 appendiculatum
826 2243 935 2285 liber
971 2243 1037 2285 vel
1065 2244 1157 2297 ejus
1191 2243 1291 2285 tubo
1324 2243 1563 2285 adhaerens.
1602 2241 1791 2283 l’ericar-

109 2302 230 2358 pium
250 2301 624 2346 membranaceum
647 2302 713 2344 vel
731 2305 1014 2344 crustaceum.
1041 2301 1194 2345 Semen
1219 2301 1478 2344 horizontale
1503 2302 1569 2343 vel
1590 2299 1790 2341 verticale

110 2361 246 2418 (saepe
281 2361 323 2403 in
357 2361 504 2403 eadem
538 2361 713 2415 specie),
738 2361 849 2402 testa
883 2360 1205 2403 membranacea
1232 2360 1299 2402 vel
1333 2360 1568 2402 crustacea.
1605 2358 1790 2410 Embryo

110 2431 226 2464 nunc
249 2420 360 2462 circa
383 2420 584 2462 albumen
612 2423 832 2474 copiosum
859 2419 955 2472 plus
981 2419 1180 2461 minusve
1207 2419 1391 2472 perfecte
1417 2418 1651 2465 annularis,
1677 2426 1790 2458 nune

110 2479 433 2534 plano-spiralis
451 2478 667 2520 albumine
689 2478 932 2521 excentrico
949 2478 1164 2531 bipartito,
1183 2489 1296 2519 nuuc
1312 2476 1652 2531 conice-spiralis
1669 2475 1787 2516 albu-

110 2538 224 2580 mine
258 2538 397 2589 nullo;
436 2537 712 2591 cotyledones
739 2540 943 2588 angustae,
978 2536 1168 2578 radicula
1194 2535 1278 2577 hilo
1304 2536 1509 2589 proxima.
1553 2559 1604 2565 --
1630 2533 1785 2576 Herbae

109 2597 177 2639 vel
205 2597 395 2648 frutices,
415 2596 587 2649 stipulis
614 2596 759 2645 nullis,
782 2594 893 2637 foliis
916 2595 1125 2648 oppositis
1145 2595 1211 2637 vel
1230 2594 1420 2643 alternis,
1444 2594 1623 2636 ssoribus
1646 2592 1790 2634 solita·

110 2655 187 2698 riis
217 2655 283 2698 vel
309 2655 556 2707 glomeratis
589 2653 840 2696 axillaribus
874 2653 1061 2706 spicatis.
1099 2653 1304 2696 Ordinem
1342 2653 1635 2695 difficillimum
1671 2653 1791 2704 parte

109 2711 234 2767 longe
248 2713 430 2756 maxima
440 2725 492 2755 ex
506 2712 831 2762 notis,clavibus
845 2712 1117 2765 ‹liagnosticis
1135 2711 1450 2764 manuscriptis,
1465 2722 1632 2753 summo
1646 2709 1790 2761 labore

111 2772 362 2827 praeparatis
389 2775 431 2815 et
457 2772 559 2814 mihi
589 2772 772 2824 benigne
797 2784 820 2812 a
846 2771 895 2812 cl.
922 2771 1036 2813 Prol'.
1059 2784 1080 2812 a
1109 2770 1255 2822 Bunge
1285 2769 1622 2818 communicatis,
1649 2768 1714 2808 vel
1738 2777 1789 2808 ex

109 2830 238 2885 huJus
272 2829 604 2873 Anabasearum
637 2828 865 2872 Rerisione
894 2829 1102 2881 (Petersb.
1134 2829 1263 2882 1862)
1293 2828 1521 2870 elaboravi.
1554 2827 1655 2869 Viro
1678 2825 1790 2867 cesti·

109 2890 348 2932 matissimo
372 2893 414 2931 et
435 2889 694 2931 amicissimo
724 2887 1068 2930 Salsulacearwn
1094 2887 1351 2941 peritissimo
1378 2885 1606 2928 scrutatori
1630 2884 1788 2937 gratias

110 2959 239 3004 quam
267 2948 474 2990 maximas
497 2960 624 3001 agere
644 2947 747 2989 mihi
776 2946 898 2990 dulce
919 2951 996 2989 est.
1038 2948 1083 2989 In
1110 2945 1479 2988 Sale'corne'earmn
1501 2943 1788 2996 descriptione

110 3008 322 3062 egregiam
341 3006 689 3062 monographiam
707 3005 943 3059 cl.Ungern
957 3004 1190 3059 Sternberg
1206 3003 1465 3058 pedetentim
1484 3005 1658 3045 secutus
1677 3012 1785 3043 sum.
