2065 3271
122 263 278 304 Suoeda.
830 266 1105 293 sansonacaae.
1747 258 1816 295 941

124 345 304 391 floribus
329 342 667 395 bomomorpbis,
689 340 941 395 glomerulis
977 340 1097 394 pauci
1124 341 1189 383 vel
1216 342 1454 394 plurissoris
1487 343 1716 386 sessilibus
1749 341 1816 384 vel

124 400 473 458 subpedicellatis
510 402 666 455 petiolo
700 400 887 449 adnati&
924 400 1132 454 perigenii
1168 400 1377 443 fructiferi
1411 402 1530 454 parvi
1567 400 1817 455 subglobosi

123 462 285 508 laciniis
331 461 468 503 ovatis
508 460 675 503 obtusis
715 458 913 502 concavis
960 458 1196 502 immutatis
1247 461 1431 502 fructum
1472 460 1812 511 includentibus,

121 522 286 566 semine
309 518 561 562 horizontali
587 520 654 561 vel
681 518 874 560 verticuli
905 518 997 560 laevi
1027 517 1162 560 nitido
1186 518 1406 561 rostellato
1424 519 1482 565 O.
1510 518 1663 562 Suoecla
1692 518 1815 560 altis·

120 581 231 625 sima
266 577 367 620 Pali.
407 578 470 619 Ill.
511 578 596 620 tab.
634 578 704 619 42.
734 602 787 607 —-
816 575 1420 628 chenopodiumaltissimum
1455 577 1498 618 L.
1534 582 1576 620 et
1606 579 1729 620 Anct.
1760 601 1814 608 —

119 639 273 684 Suoecla
311 635 529 678 altissima
564 639 606 678 et
642 634 949 688 Cleenopodina
985 634 1204 677 altissima
1237 636 1345 688 Moq.
1383 635 1425 678 in
1462 650 1539 679 oc.
1578 637 1731 678 Fredr.
1759 659 1817 668 -

119 694 352 742 Schoberia
376 694 594 736 altissima
622 693 720 737 C.A.
746 694 799 736 M.
829 718 877 724 —
911 692 1056 736 Scleob.
1090 693 1347 744 leiosperma
1375 693 1476 736 C.A.
1504 695 1553 736 M.
1578 695 1733 737 Ledeb.
1761 695 1813 736 lc.

117 756 198 801 tab.
220 757 287 798 45.
313 778 369 785 —
389 753 546 796 Suoeda
569 753 764 794 mamma
790 752 832 794 C.
860 752 976 796 Koch
998 753 1125 795 Linu.
1151 752 1289 795 XXII.

166 831 265 867 Hub.
287 832 326 865 in
344 829 545 872 ruderatis,
564 829 832 874 salsuginosis,
852 828 1057 864 Thessalia
1073 827 1123 863 ad
1142 827 1241 863 Volo
1258 828 1386 873 (Oi-pl.
1399 830 1436 872 l),
1456 829 1623 864 Thracia
1647 830 1814 866 borealis

117 878 313 924 (Jankal),
344 876 533 912 Anatolia
564 876 612 911 ad
645 875 823 911 Iconium
855 875 1029 919 (Helui-2)
1064 879 1101 910 et
1127 875 1175 910 ad
1201 876 1418 910 Czesurezun
1454 876 1491 910 in
1530 876 1643 911 salsis
1674 878 1817 923 mall),

118 926 307 961 Armenia
326 923 375 959 ad
393 923 475 958 Van
492 923 570 968 (Ky
584 924 623 968 l),
645 922 692 957 ad
709 923 849 958 Baibut
864 923 1057 968 (Bourgi),
1076 922 1223 957 Tauria
1241 921 1288 956 ad
1305 922 1438 956 Sudak
1456 922 1598 961 (Rebus
1613 926 1649 961 ll.
1668 925 1812 959 'l‘runs—

117 972 298 1008 cauca-sia
328 970 450 1014 (Hoh.
482 980 561 1006 exs.
589 969 666 1004 sub
695 968 758 1005 Ch.
786 969 946 1014 salsol),
985 969 1121 1005 Persia
1155 968 1327 1005 borealis
1353 969 1551 1015 (Buhsel),
1595 970 1814 1015 Babylonia

117 1019 268 1064 (Νοεὲἷ),
287 1017 479 1064 Egyptus.

116 1082 378 1166 etffi.tgiecgqr.
403 1081 610 1127 Hispania,
643 1080 748 1126 regio
774 1079 1024 1124 Danublalis,
1052 1079 1196 1116 Rossia
1222 1079 1417 1125 australis,
1445 1079 1592 1115 Sibiria
1618 1080 1814 1116 Urulensis

183 1238 242 1278 10.
277 1235 326 1279 S.
366 1235 755 1291 heterocarpa
790 1235 937 1290 (Fenzl
974 1236 1017 1278 in
1059 1235 1221 1278 Ledeb.
1260 1236 1321 1278 Fl.
1358 1234 1482 1278 Ross.
1523 1235 1595 1280 111.
1637 1249 1672 1289 p.
1712 1236 1814 1291 781)

113 1309 257 1339 annua
284 1295 431 1347 glabra
464 1294 757 1348 glaucescens,
790 1295 909 1336 caule
936 1297 1080 1337 erecto
1107 1295 1252 1348 patule
1283 1306 1453 1336 ramoso
1478 1295 1609 1336 ramis
1639 1296 1816 1347 virgatis

113 1355 337 1407 elongatiS‚
361 1354 471 1396 foliis
495 1352 818 1396 semiteretibus
843 1355 1022 1406 anguste
1045 1353 1285 1397 linearibus
1309 1352 1478 1396 obtusis
1502 1353 1594 1395 basi
1620 1358 1817 1396 attenua-

114 1414 168 1457 tis
196 1413 384 1456 flaccidis
412 1411 636 1455 exsiccatis
658 1411 866 1454 flexuosis
891 1412 982 1454 basi
1008 1424 1089 1454 nou
1116 1412 1368 1461 articulatiS,
1387 1413 1643 1465 glomerulis
1668 1414 1811 1456 rarius

115 1474 136 1516 1
167 1472 327 1526 saepius
355 1471 573 1513 3-6-ssoris
611 1469 876 1524 pedicellatis
908 1469 1007 1513 folio
1035 1471 1202 1514 axillari
1234 1471 1403 1513 adnalis
1435 1475 1478 1514 et
1505 1483 1554 1515 eo
1579 1472 1813 1526 superatis,

113 1531 296 1575 floribus
320 1528 668 1583 heteromorphis
685 1529 887 1573 omnibus
906 1529 1121 1573 fertilibus
1142 1530 1326 1572 aliorum
1345 1529 1568 1584 perigonio
1587 1531 1811 1574 fructifero

115 1590 261 1633 inflato
307 1589 537 1643 spongioso
578 1587 756 1642 globoso
799 1588 918 1642 apice
966 1588 1327 1644 quinquesulcato
1370 1590 1562 1632 seriatim
1608 1590 1814 1633 celluloso

114 1648 268 1696 nitido,
309 1649 493 1691 aliorum
540 1659 676 1702 parvo
720 1647 946 1691 immutato
987 1649 1142 1690 obtuse
1186 1650 1426 1702 pentagono
1469 1648 1654 1692 fructum
1698 1653 1814 1692 arcte

113 1707 376 1756 includente,
411 1706 576 1749 semine
607 1705 862 1749 horizontali
898 1707 966 1749 vel
1004 1707 1198 1750 verticali
1232 1706 1638 1762 globoso-depresso
1678 1708 1812 1751 nitido

114 1767 195 1810 sub
222 1767 335 1810 lente
363 1765 647 1808 subtilissime
669 1769 872 1820 punctato
909 1770 977 1817 Θ.

160 1841 260 1878 Hab.
280 1842 320 1876 in
339 1841 454 1876 salsis
480 1841 802 1877 Transoaucasiae
823 1851 943 1889 prope
972 1841 1124 1878 Sallian
1146 1842 1322 1887 (Hohenl
1347 1842 1422 1878 sub
1441 1840 1684 1888 Schanffl'm'ci
1703 1843 1813 1879 altis-

112 1887 215 1925 sima
236 1888 408 1935 partim),
440 1898 541 1934 spec.
565 1887 779 1923 floriferum
805 1899 851 1924 ex
874 1889 1029 1925 deserto
1051 1889 1209 1926 Persico
1230 1890 1380 1926 Hawuz
1402 1891 1412 1925 i
1436 1890 1575 1926 Sultan
1599 1890 1810 1935 (Hausskl)

116 1934 194 1972 huc
211 1938 385 1982 spectare
404 1935 571 1970 videtur.

159 1999 273 2035 Facie
305 1999 432 2034 affinis
462 1998 500 2035 S.
531 1998 736 2035 altzksz'moe
760 2002 929 2045 quacum
965 2000 1077 2036 facile
1109 2002 1372 2048 confunditur,
1402 2003 1569 2047 insignis
1597 2004 1812 2048 perigoniis

114 2045 323 2082 fructiferis
353 2045 585 2092 dimorpffls,
615 2046 702 2081 aliis
733 2048 958 2092 spongiosis
988 2048 1301 2085 fuscescentibus
1328 2049 1393 2085 1-:2
1420 2049 1546 2085 lineas
1567 2049 1684 2085 diam.
1709 2050 1812 2095 lutis,

112 2092 201 2129 aliis
220 2092 538 2139 nigrescentibus
556 2093 703 2129 lineam
720 2093 927 2130 dimidiam
946 2097 1099 2131 tanturn
1117 2096 1220 2131 latis.

177 2210 239 2252 11.
273 2208 326 2252 S.
359 2208 666 2253 maritima
696 2209 764 2261 (L.
799 2209 870 2264 Sp.
910 2211 990 2254 321
1029 2212 1111 2255 sub
1146 2211 1440 2267 Chenopodz'o)
1479 2226 1623 2256 annua
1662 2215 1812 2267 glabra

112 2267 431 2321 glauco-virens
460 2271 601 2310 erecta
627 2281 649 2310 a
683 2270 790 2312 collo
817 2281 932 2325 stepe
969 2283 1151 2314 ramosa.
1187 2272 1384 2315 caulibus
1419 2273 1543 2314 valde
1577 2273 1810 2315 rainulosis

114 2327 331 2381 ramisque
353 2326 505 2369 crebre
529 2327 704 2376 foliosis,
722 2328 835 2371 foliis
860 2330 1054 2373 carnosis
1073 2331 1613 2374 semitereti-filiformibus
1638 2332 1808 2374 obtusis

114 2384 316 2435 flaccidis,
352 2385 575 2429 floralibus
611 2387 735 2429 valde
769 2387 993 2431 diminutis
1026 2389 1158 2432 flores
1196 2390 1523 2443 superantibus,
1559 2391 1811 2444 glonierulis

113 2444 337 2487 2·3·ssoris
361 2444 613 2487 axillaribus
650 2446 691 2488 in
722 2447 862 2501 spicas
899 2447 1045 2501 longas
1080 2452 1234 2491 tenues
1267 2449 1436 2493 foliatas
1473 2450 1589 2492 laxas
1619 2450 1809 2503 digestis,

116 2503 324 2556 perigonii
360 2503 572 2546 fructiferi
607 2504 1005 2559 globoso-depressi
1040 2507 1201 2563 phyllis
1233 2508 1578 2552 ovatis'oblusIS
1620 2509 1809 2550 fructum

114 2560 435 2606 includentibus
462 2563 591 2605 dorso
626 2563 809 2607 obscure
846 2565 1063 2619 carinatis,
1090 2567 1255 2610 semine
1288 2568 1529 2622 saepissime
1556 2565 1810 2609 horizontali

115 2621 334 2665 rostellato
378 2621 461 2664 sub
492 2622 605 2664 lente
651 2623 940 2666 minutissime
986 2627 1241 2679 punctulato
1272 2631 1335 2677 O.
1388 2626 1543 2669 Suaecla
1584 2626 1810 2667 maritima

113 2676 314 2723 Dumort.
345 2704 395 2710 -—
424 2681 481 2724 Ic.
510 2679 570 2724 Fl.
595 2681 701 2724 Dan.
730 2684 758 2724 t.
787 2683 884 2724 489.
909 2707 960 2712 ——
989 2683 1159 2727 Salsola
1190 2684 1310 2727 salsa
1335 2685 1454 2740 Jacq.
1496 2685 1545 2727 H.
1572 2684 1699 2727 Vind.
1734 2683 1807 2735 111,

116 2749 153 2791 p.
173 2739 244 2785 44,
273 2739 355 2782 tab.
381 2740 436 2782 83
461 2751 545 2782 non
570 2740 675 2783 Pall.
695 2739 916 2784 —Sclzob.
937 2743 1164 2785 maritima
1189 2743 1288 2787 C.A.
1315 2744 1423 2798 Moy.

160 2811 260 2848 Hah.
278 2814 319 2849 in
336 2815 546 2850 maritimis
564 2815 688 2855 salsis,
705 2815 857 2851 Graeeia
875 2816 922 2852 ad
936 2817 1149 2864 Naupliam
1165 2819 1319 2864 (Sartl),
1337 2820 1383 2854 :ul
1397 2819 1606 2855 Phalerum
1623 2818 1808 2864 (Hehlrl),

113 2857 344 2896 Macedonia
372 2864 410 2896 et
434 2862 603 2898 Thracia
628 2856 786 2908 (Frivl),
822 2863 979 2910 Tauria,
1010 2876 1120 2912 prov.
1147 2865 1369 2902 Caucasicae
1403 2870 1440 2903 et
1466 2866 1807 2910 Transeamus-iai,

111 2903 243 2942 Persia
260 2907 433 2944 borealis
449 2909 593 2953 (Aucb.
613 2909 755 2954 22861).

116 3014 123 3022 ,
160 2970 222 3006 Ar.
241 2970 372 3016 Geoqr.
397 2970 558 3019 Europa
581 2975 662 3008 tota
680 2973 875 3010 maritima
897 2976 1051 3012 arcticis
1070 2978 1255 3024 exceptis,
1280 2976 1412 3013 Africa
1438 2976 1621 3021 borealis,
1649 2976 1805 3021 Sibiria,

113 3016 254 3053 insulae
271 3017 543 3063 Canan'enses,
561 3019 743 3056 America
761 3020 941 3057 borealis.
