2065 3271
91 221 325 271 Zz'zyplzora.
818 228 1016 255 LAEIATAE.
1732 227 1804 263 587

91 302 371 359 pedicettatis,
395 301 552 354 calycis
584 305 768 354 anguste
801 301 1029 354 cylindrici
1056 301 1336 355 pubescentIS
1375 305 1439 346 vel
1466 305 1661 349 breviter
1699 308 1801 352 liirti

91 363 293 406 dentibus
326 360 576 403 lanceolatis
604 360 939 403 conniventibus
975 359 1200 410 brevib11S‚
1234 363 1407 405 corollas
1445 365 1589 419 calyce
1628 369 1803 422 sesqui-

91 422 297 475 longioris
329 419 429 462 tubo
457 418 716 461 tenuissimo
742 419 938 463 breviter
965 424 1153 471 exserto,
1187 421 1383 465 antberis
1410 436 1496 466 non
1532 425 1800 479 appendicu-

90 481 188 523 latis
217 484 281 530 Θ.

138 556 237 591 Hab.
258 555 296 590 in
317 553 432 589 cultis
453 553 647 589 derelictis
666 554 844 601 planitiei
865 554 989 601 Syriae
1018 556 1118 591 inter
1136 555 1253 602 Edlip
1273 560 1310 592 et
1328 557 1480 605 Aleppo
1503 560 1588 595 sitae
1617 561 1799 609 (Boisst).

136 618 424 666 Speciniinibus
445 617 668 664 Hispanicis
688 618 902 653 simillima.
935 618 974 653 Z.
994 619 1192 655 aeinoe‘des
1216 619 1255 655 L.
1276 624 1332 656 est
1352 622 1513 667 probab.
1534 624 1660 660 forma
1681 626 1799 672 hujus

90 668 230 715 speciei
243 665 528 702 verticillastris
541 665 870 710 subdistanstbuss
888 665 1020 711 calyce
1035 666 1192 712 longius
1211 667 1314 703 hirto
1329 679 1416 714 quae
1432 670 1472 705 in
1485 670 1679 718 Hispania
1694 684 1799 720 saepe

89 715 264 750 occurrit.

134 778 194 813 Ar.
224 777 358 822 Geoqr.
389 776 591 823 Hispania,
614 777 744 812 Africa
766 776 937 812 borealis
956 776 1127 813 interior.

148 879 187 918 4.
225 877 276 920 Z.
314 875 619 919 acutifolia
646 875 825 929 (Montb.
851 879 893 917 et
912 876 1051 919 Aucti.
1079 877 1193 919 Anu.
1224 877 1289 920 Sc.
1312 879 1409 921 Nat.
1439 882 1565 931 1836,
1591 882 1621 934 Ι,
1648 896 1688 936 p.
1723 885 1798 939 43)

89 949 230 979 annua
266 937 430 979 tninute
459 934 701 988 pubescens
740 935 901 988 puniila
933 937 1026 978 basi
1064 949 1234 980 ramosa
1273 942 1432 992 erecta,
1465 940 1576 984 foliis
1612 942 1797 998 oblongo

90 997 154 1038 vel
189 995 650 1049 elliptIco-lanceolatis
692 995 898 1048 utrmque
936 996 1171 1038 attenuatis
1207 996 1403 1041 breviter
1438 1000 1654 1052 petiolatis
1690 1015 1795 1046 acu-

89 1056 302 1102 tiusculis,
328 1053 554 1096 floralibus
579 1053 842 1096 abbreviatis
868 1053 1006 1096 ovatis
1034 1055 1103 1097 vel
1131 1055 1333 1110 oblongis,
1359 1059 1621 1102 acuminatis
1654 1063 1796 1104 acutis

89 1115 255 1167 calyces
279 1112 606 1168 superantibus,
637 1113 955 1154 verticillastris
989 1114 1341 1158 subdistuntibns
1368 1118 1435 1159 vel
1461 1119 1676 1173 contiguis
1705 1123 1794 1175 spi-

89 1185 158 1215 cas
187 1174 332 1226 longas
371 1172 632 1214 laxiusculas
662 1172 728 1213 vel
756 1172 962 1225 oblongas
987 1173 1248 1216 densissoras
1276 1176 1586 1231 formantibus,
1610 1179 1794 1223 floribus

91 1231 418 1278 subsessitibus‚
455 1231 611 1285 calycis
646 1235 829 1283 anguste
856 1231 1080 1284 cylindrici
1117 1233 1313 1276 breviter
1342 1234 1550 1287 puberuli
1585 1237 1793 1283 dentibus

89 1289 566 1333 lanceolato-subulatis
602 1289 808 1332 brevibus
832 1290 1182 1343 conniventibus,
1210 1293 1380 1335 corollae
1406 1294 1510 1338 tubo
1540 1298 1658 1339 tenui
1696 1298 1794 1341 bre-

91 1350 202 1393 viter
225 1354 410 1398 exserto,
434 1349 627 1392 antlieris
657 1360 741 1390 non
770 1349 1115 1402 appendiculatis
1133 1355 1197 1401 Θ.

138 1423 234 1458 Hah.
256 1425 293 1457 in
315 1423 419 1468 agris
439 1422 591 1458 collinis
610 1432 729 1468 prope
747 1422 898 1468 Aleppo
918 1422 1042 1468 Syriae
1070 1423 1222 1469 (Auch.‚
1239 1423 1312 1470 Ky.
1330 1425 1437 1471 2031)
1466 1426 1567 1463 inter
1588 1428 1737 1466 Aintab
1758 1434 1794 1466 et

90 1470 202 1505 Nisib
222 1470 443 1515 [Hausskffl.

134 1533 272 1568 Planta
290 1533 585 1579 4-7-pollicaris,
604 1533 699 1568 facie
720 1532 760 1568 Z.
779 1532 1008 1580 Hispaniae
1028 1536 1066 1569 et
1084 1536 1282 1579 tenuioris,
1302 1537 1406 1582 prior
1425 1537 1557 1573 differt
1574 1538 1679 1575 toliis
1698 1541 1794 1577 infe-

89 1581 256 1616 rioribus
277 1583 402 1616 ovatis
422 1591 490 1616 nec
507 1580 748 1625 lanceolam,
775 1580 905 1626 calyce
924 1581 1113 1627 breviore,
1139 1584 1332 1629 posterior
1359 1584 1464 1620 foliis
1492 1588 1791 1631 angustioribus

89 1628 235 1664 scabris
257 1628 368 1664 valtle
387 1628 529 1664 ciliatis
549 1632 587 1664 et
604 1628 780 1664 antheris
802 1628 1130 1676 appendiculatis.

150 1730 189 1770 5.
227 1729 276 1771 Z.
312 1728 550 1772 tenuior
584 1728 649 1782 (L.
684 1727 755 1783 Sp.
794 1741 833 1782 p.
872 1729 946 1784 31]
984 1743 1124 1772 annua
1158 1743 1409 1783 canescens,
1444 1733 1605 1787 pumila
1635 1748 1656 1776 a
1685 1735 1793 1778 collo

91 1800 260 1831 ramosa
309 1788 441 1829 ramis
490 1788 647 1831 erectis
696 1789 764 1830 vel
802 1789 1154 1840 ascendentibus,
1192 1791 1307 1833 foliis
1339 1793 1546 1836 nervosis
1582 1793 1794 1837 scabridis

91 1847 227 1900 rigide
249 1848 403 1890 ciliatis
427 1851 608 1900 anguste
634 1846 884 1890 lanceolatis
908 1849 1060 1896 acutis,
1087 1849 1314 1893 floralibus
1337 1852 1635 1896 conformibus
1662 1853 1796 1897 flores

93 1907 217 1949 valde
246 1906 572 1960 superantibus,
607 1907 928 1950 verticillastris
956 1908 1213 1951 axillaribus
1236 1922 1352 1964 saepe
1375 1923 1500 1954 secus
1526 1916 1658 1954 totam
1686 1915 1795 1955 rami

94 1964 404 2018 longitudinem
439 1966 481 2007 in
520 1965 661 2019 spicas
698 1966 961 2009 laxiusculas
993 1968 1060 2009 vet
1095 1967 1253 2010 densas
1279 1969 1454 2012 foliosas
1480 1971 1687 2024 oblongas
1721 1973 1794 2015 vel

91 2023 217 2077 longe
244 2023 502 2077 cylindricas
541 2024 780 2078 dispositis,
815 2027 960 2079 calyce
998 2026 1121 2080 longe
1148 2030 1191 2069 et
1225 2029 1417 2071 tenuiter
1443 2031 1683 2085 cylindrico
1710 2032 1797 2074 liis-

92 2082 190 2135 pido
215 2083 419 2125 dentibus
435 2084 926 2138 ovato-triangularibus
951 2085 1121 2128 obtusis
1145 2085 1419 2130 brevissimis
1438 2090 1792 2141 conniventibus,

91 2142 261 2183 corollae
301 2142 403 2184 tubo
435 2142 554 2185 tenui
594 2143 790 2185 breviter
828 2149 1016 2195 exserto,
1049 2146 1242 2189 autheris
1279 2147 1420 2189 loculo
1457 2161 1580 2191 casso
1618 2150 1796 2193 minimo

90 2201 704 2255 ctavaet·01·miappendiculatis
721 2203 865 2245 rarius
884 2216 968 2245 non
987 2204 1332 2258 appendiculatis
1353 2210 1420 2256 Θ.
1448 2207 1795 2250 Falclermatene‘a

85 2258 335 2310 parvejflora
358 2259 535 2302 Trautv.
570 2260 681 2303 Bull.
712 2261 904 2305 Petersb.
934 2262 1029 2311 VII,
1058 2276 1095 2315 p.
1127 2264 1199 2305 21.
1226 2288 1283 2293 -——
1307 2265 1351 2306 Z.
1380 2266 1562 2308 Persica
1576 2269 1663 2320 Bge
1693 2267 1796 2309 Lab.

90 2315 210 2359 Pers.
242 2331 281 2369 p.
311 2319 364 2359 39
389 2318 522 2360 forma
540 2320 735 2362 antheris
764 2321 1231 2376 non-appendiculatis.

139 2390 238 2425 Hab.
269 2392 308 2426 in
334 2391 449 2427 cultis
483 2396 519 2427 et
548 2392 716 2429 collibus
743 2394 867 2429 Cariae
892 2395 932 2429 in
964 2394 1126 2441 planitie.
1159 2397 1367 2441 Cyhirensi
1399 2399 1579 2445 (Boissl),
1615 2400 1798 2446 Plirygiae

92 2437 231 2482 (Ball),
252 2438 409 2474 Pisidiae
431 2439 622 2483 (Heler
643 2441 773 2486 Lyciae
794 2442 955 2485 (Bourg.
971 2443 1087 2486 2042),
1106 2443 1230 2486 syri-‘e
1249 2445 1297 2480 ad
1317 2445 1557 2483 Damascum
1579 2447 1674 2492 [tx'yt
1692 2448 1799 2493 Ball)

91 2487 127 2519 et
158 2485 194 2519 in
225 2485 377 2521 deserto
399 2485 522 2531 Syriae
542 2486 655 2530 (Bit).
686 2489 884 2523 Armeniae
912 2489 1084 2525 'l'urcicae
1114 2491 1258 2534 (Huetl
1287 2492 1469 2538 Bourgl),
1499 2496 1673 2540 Assyria:
1700 2495 1799 2541 (Ky!

91 2530 247 2566 Hans-sl<
264 2535 301 2571 tt,
322 2533 444 2568 totius
464 2534 606 2569 Persioe
625 2534 808 2570 australis
830 2537 867 2570 et
884 2536 1054 2572 borealis
1073 2538 1222 2582 (Auclit
1243 2538 1324 2584 Ky!
1343 2540 1438 2586 Bge!
1460 2543 1557 2587 etc),
1575 2542 1800 2588 Affgbaniae

91 2579 254 2624 (Gritfl),
277 2579 514 2616 Belutschiae
532 2581 687 2625 (Stocks
699 2583 736 2627 l).

137 2643 198 2677 Ar.
221 2641 354 2688 Geoqr.
382 2643 586 2690 Songaria‚
605 2644 750 2680 Sibiria
771 2645 934 2682 Altaica.

151 2741 191 2781 G.
228 2741 277 2783 Z.
313 2742 562 2785 Taurica
605 2742 725 2796 (ΜΒ.
764 2744 894 2786 Taur.
937 2743 1062 2788 Cauc.
1103 2747 1134 2794 Ι,
1176 2761 1218 2801 p.
1257 2749 1331 2803 18)
1368 2762 1512 2792 annua
1551 2763 1800 2804 canescens,

95 2800 254 2850 puniila
288 2801 379 2842 basi
415 2813 587 2844 ramosa
626 2803 756 2845 ramis
788 2804 1126 2848 ascendentibus
1165 2807 1230 2849 vel
1263 2811 1439 2857 erectis,
1480 2810 1592 2852 soliis
1627 2811 1802 2855 lineari-

94 2857 345 2901 lanccolatis
382 2860 471 2901 basi
495 2863 768 2912 ,angustatis
802 2862 1029 2906 floralibus
1062 2867 1359 2909 conformibus
1397 2870 1599 2911 nervosis
1635 2872 1800 2914 scabris

95 2916 247 2959 ciliatis
291 2919 460 2971 calyces
500 2921 841 2973 superantibus.
883 2923 1206 2967 verticillastris
1246 2926 1503 2970 axillaribus
1543 2930 1634 2971 fere
1674 2941 1801 2973 secus

98 2977 231 3017 totuui
262 2989 430 3019 ramum
460 2979 700 3022 laxiuscule
721 2981 787 3022 vel
819 2981 955 3023 dense
982 2983 1175 3036 spic-atis,
1206 2986 1364 3038 calycis
1393 2986 1649 3031 subsessilis
1676 2990 1801 3043 longe
