2065 3271
116 255 326 301 Plantayo.
808 265 1109 292 PLANTAGINEAE.
1720 260 1787 296 891

165 335 330 380 pedalis,
357 335 452 370 folia
470 335 767 381 2-3-pollicaria‚
794 337 1001 382 pe‹·lunculi
1027 336 1049 371 2
1074 336 1234 381 pollices
1254 336 1370 381 longi.
1396 338 1428 372 A
1449 336 1491 372 Ρ.
1515 338 1666 384 Cynope
1693 339 1790 374 inter

118 383 215 419 alias
242 383 351 417 notas
378 382 539 417 bracteis
562 385 603 417 ut
624 384 663 417 in
687 383 731 418 Ρ.
751 380 924 419 Arabica*
945 383 1143 418 ecaudatis
1169 382 1358 426 distincta,
1389 384 1438 419 ab
1465 388 1507 419 esi
1536 385 1637 420 soliis
1663 386 1791 431 planis

116 429 239 466 multo
272 428 529 473 longioribus,
563 430 792 474 pedunculis
828 429 1026 473 elongatis,
1065 429 1292 464 indumento
1326 440 1401 464 non
1441 431 1586 466 viscido
1623 433 1792 468 breviter

117 474 339 512 scabridulo
361 477 399 510 et
415 474 506 520 pilis
525 475 653 520 longis
670 476 816 511 albidis
835 477 1061 512 intermixto
1081 475 1218 510 aliena.

838 588 848 599 ·
870 588 880 599 ·
908 588 1070 622 Annuae.

175 679 240 720 32.
276 679 334 720 P.
370 676 659 730 Psyllium
696 677 762 731 (L.
797 677 867 732 Sp.
910 677 1009 731 167)
1046 689 1185 718 annua
1225 677 1787 731 glandulitero-pubescens,

116 738 235 780 caule
266 735 473 778 herbaceo
507 740 647 778 erecto
682 737 863 789 simplici
888 737 954 778 vel
994 736 1445 788 lllyrsoideo-ramoso
1471 737 1580 777 foliis
1611 741 1792 789 anguste

115 794 534 838 lineari-lanceolalis
577 795 642 836 vel
690 795 922 836 linearibus
967 794 1145 846 integris
1188 794 1255 834 vel
1298 796 1459 834 remote
1504 794 1789 845 denticulatis,

115 853 371 908 pedunculis
401 864 452 894 ex
486 851 626 894 axillis
662 853 961 905 superioribus
992 851 1101 893 foliis
1136 851 1482 904 sublongioribus
1520 853 1792 905 corymboso·

115 912 391 965 thyrsoideis,
419 910 547 963 spicis
566 911 933 963 ovato-sphaericis
955 910 1200 952 densisloris
1223 910 1644 961 glanduloso-hirtis,
1675 911 1792 952 brac-

115 971 194 1013 teis
221 982 243 1012 e
270 970 361 1012 basi
389 972 513 1011 ovata
541 969 784 1011 lanceolalis
811 969 947 1011 acutis
971 970 1036 1010 vel
1063 970 1217 1011 florum
1246 969 1495 1010 inferiorum
1524 969 1792 1012 acuminatis

115 1029 270 1083 calycis
305 1027 469 1069 laciniis
502 1027 790 1069 conformibus
827 1028 1020 1079 oblongis
1059 1028 1177 1081 apice
1204 1026 1452 1075 attenuatis,
1487 1027 1654 1069 corolla).
1688 1026 1792 1068 lobis

114 1087 360 1130 lanceolatis
388 1086 523 1128 acutis
549 1087 609 1133 Θ.
638 1085 688 1127 lc.
716 1086 775 1127 Fl.
805 1086 939 1128 Graec.
966 1085 1049 1127 tab.
1089 1087 1181 1127 149.
1204 1110 1257 1115 —
1283 1085 1415 1127 Rcbb.
1441 1084 1587 1127 Germ.
1612 1085 1695 1126 tab.
1723 1087 1790 1126 84.

115 1168 168 1175 —
196 1146 244 1188 Ρ.
267 1143 384 1194 Afra
403 1145 447 1186 L.
470 1143 540 1197 Sp.
572 1145 659 1186 168.

160 1218 260 1254 Hal).
279 1219 319 1253 in
339 1217 583 1263 graminosis,
609 1217 734 1260 cultis,
761 1217 888 1251 vineis
907 1217 1073 1262 regionis
1092 1217 1287 1252 inferioris
1306 1218 1342 1252 et
1360 1219 1568 1262 montanae,
1588 1218 1735 1252 Graecia
1754 1222 1786 1251 et

115 1267 195 1300 e’us
219 1264 379 1300 insulael
406 1264 635 1300 Macedonia
664 1266 700 1299 et
726 1263 893 1298 Thracia
918 1263 1115 1307 (Griseb.)‚
1146 1264 1328 1299 Anat-ulia
1359 1263 1620 1307 occidentalis,
1653 1263 1789 1298 Cilicia

113 1278 257 1357 (hall),
297 1311 410 1357 Syria
437 1310 621 1346 littoralis
653 1310 823 1355 (Gaium,
858 1310 1057 1345 Palestina
1086 1311 1237 1355 (Noel),
1268 1310 1446 1356 Egyptus
1477 1311 1514 1345 in
1548 1311 1639 1345 Oasi
1671 1314 1791 1356 parva

112 1359 234 1403 (Asch
246 1361 282 1403 l),
300 1357 521 1403 Babylonia
538 1358 683 1402 (Nom),
704 1358 834 1392 Persia
851 1357 1021 1392 borealis
1043 1359 1080 1391 et
1097 1358 1279 1392 australis
1298 1358 1427 1403 (Kyl).

158 1423 219 1458 Ar.
239 1424 370 1467 Geoqr.
394 1422 517 1467 Regio
534 1422 824 1457 mediterranea.

171 1523 237 1564 33.
271 1521 325 1563 P.
356 1520 568 1564 Stricta
593 1519 822 1576 (Scbousb.
857 1520 1031 1563 Marocc.
1069 1534 1104 1573 p.
1133 1520 1206 1574 35]
1238 1533 1378 1563 annua
1410 1521 1790 1574 superueminulc

110 1581 315 1634 pruinosa
338 1580 389 1622 ad
409 1579 543 1622 nodos
569 1579 957 1633 papillari-liirtula,
981 1580 1098 1621 caule
1128 1579 1244 1622 tenui
1269 1578 1477 1621 herbaceo
1503 1579 1787 1632 subsimplici,

110 1639 221 1682 foliis
245 1642 423 1691 anguste
450 1638 682 1680 linearibus
704 1637 908 1690 elongatis
932 1637 1124 1691 integi-Is.
1142 1638 1396 1692 pedunculis
1420 1650 1472 1679 ex
1498 1637 1638 1679 axillis
1659 1650 1785 1691 supe-

110 1698 298 1741 rioribus
324 1696 528 1740 tenuibus
549 1697 646 1738 folia
673 1708 786 1748 saepe
810 1698 1132 1749 superantibus,
1160 1697 1289 1750 spicis
1309 1695 1455 1750 parvis
1478 1696 1614 1738 ovatis
1642 1696 1783 1738 densi-

109 1756 228 1799 ssoris
264 1756 346 1799 sub
385 1757 497 1797 lente
534 1755 700 1797 minute
739 1755 1097 1801 scabrido-birtis.
1131 1755 1311 1797 bracteis
1348 1755 1592 1797 lanceolatis
1629 1755 1785 1796 florum

107 1815 359 1857 inferiorum
404 1813 894 1856 lanceolam-linearibus
938 1814 1044 1856 flore
1087 1813 1376 1865 longioribus.
1421 1813 1575 1865 calycis
1623 1813 1787 1855 laciniis

108 1873 397 1916 conformibus
419 1872 611 1925 oblongis
639 1872 933 1921 acutiusculis,
957 1872 1126 1915 corollae
1158 1872 1264 1914 lobis
1294 1872 1539 1914 lanceolalis
1566 1873 1701 1914 acutis
1722 1875 1787 1921 Θ.

112 1932 156 1974 Ρ.
181 1943 345 1983 ruyosa
367 1930 539 1973 Hocbst.
564 1931 609 1972 in
637 1929 820 1983 Sebimp.
846 1930 907 1972 Pl.
931 1930 1088 1984 Abyss.

156 2007 256 2042 Hab.
276 2007 315 2041 in
335 2006 489 2052 Egypto
510 2005 696 2040 inferiore
716 2005 764 2041 ad
783 2004 949 2050 Belbeys
969 2005 1187 2050 (Ebrenhl)‚
1209 2005 1408 2040 Abuzabel
1428 2004 1616 2050 (Schimp.
1634 2003 1723 2046 931),
1742 2003 1789 2038 ad

109 2053 314 2099 Mataryeh
344 2051 552 2096 (Kralikl),
581 2051 637 2086 *ad
665 2051 741 2087 Ain
773 2051 808 2087 el
835 2051 973 2088 Beitba
1005 2063 1124 2098 prope
1154 2052 1308 2098 Aleppo
1340 2051 1567 2096 (Hausskl)‚
1594 2052 1634 2086 in
1659 2050 1790 2085 Persia

108 2100 272 2135 australi
292 2109 411 2146 prope
429 2099 592 2134 Dalecbi
608 2099 740 2144 (Kyl).

158 2162 435 2198 Verosimiliter
453 2161 625 2197 varietas
645 2160 689 2196 P.
709 2160 846 2207 Psyllz'i
870 2172 892 2196 a
918 2171 995 2207 quo
1022 2164 1172 2196 tantum
1193 2160 1317 2195 dissert
1333 2161 1563 2195 indumento
1582 2160 1693 2195 brevi
1712 2169 1788 2194 non

108 2209 171 2245 vel
191 2210 257 2244 vix
276 2208 694 2254 glanduloso·viscoso‚
715 2207 946 2254 pedunculis
964 2208 1204 2253 gracillimis,
1224 2209 1338 2254 spicis
1356 2207 1575 2242 minoribus
1593 2207 1788 2252 glabrius-

107 2256 216 2338 ρυὲὶε,
242 2256 408 2338 ὺὲᾳὲῐθίε
434 2256 573 2291 florum
600 2255 829 2290 inferiorum
856 2255 1060 2300 elongatis.
1086 2255 1229 2290 Exacte
1255 2253 1300 2289 P.
1322 2254 1469 2301 Psyllz'o
1496 2258 1534 2289 et
1558 2253 1603 2289 P.
1628 2252 1788 2300 pumz‘lce

105 2313 146 2339 ln
165 2313 267 2338 erme
299 2314 310 2338 1
339 2330 346 2337 .

153 2367 215 2402 Ar.
236 2367 367 2412 Geoqr.
393 2366 562 2412 Croatia,
579 2365 712 2401 Africa
729 2364 912 2410 borealis,
930 2365 1155 2410 Abyssinia.

168 2463 236 2505 34.
268 2463 327 2505 P.
358 2463 585 2517 pumila
609 2462 778 2518 (Willd.
805 2461 960 2503 Enum.
992 2460 1112 2503 Hort.
1149 2461 1250 2503 Ber.
1280 2462 1313 2512 Ι,
1339 2475 1380 2516 p.
1410 2460 1510 2514 162)
1539 2471 1677 2501 annua
1706 2459 1790 2512 gla-

111 2521 344 2567 briuscula.
363 2521 558 2564 caulibus
573 2521 777 2564 tenuibus
798 2532 820 2561 a
842 2519 930 2561 basi
950 2520 1233 2562 decumbente
1255 2521 1409 2563 erectis
1428 2519 1632 2561 flexuosis
1657 2528 1791 2560 ramo-

111 2582 194 2625 sis.
246 2581 359 2622 foliis
395 2578 899 2632 subulato-capillaribus
941 2579 1206 2622 tenuissimis
1242 2579 1449 2630 elongatis
1498 2576 1793 2620 subrevolutis

111 2639 202 2682 basi
229 2650 342 2693 saepe
368 2638 561 2686 hirsutis,
596 2637 852 2691 pedunculis
880 2649 931 2680 ex
964 2638 1105 2678 axillis
1142 2638 1361 2690 supremis
1394 2636 1664 2678 filiformibus
1697 2634 1788 2675 solia

113 2698 436 2752 superantibuS,
462 2697 661 2750 capitulis
684 2695 872 2749 globosis
896 2696 1140 2749 paucissoris
1168 2697 1328 2738 minute
1352 2695 1590 2749 pubet-ulis,
1611 2694 1792 2735 bracteis

112 2770 134 2798 a
158 2757 249 2798 basi
271 2756 506 2799 sublatiorc
531 2755 742 2798 subulatis
766 2754 1041 2796 inferioribus
1065 2755 1192 2807 spicae
1215 2754 1467 2808 aequilongis
1490 2752 1788 2805 superioribus

113 2815 253 2868 calyce
292 2815 571 2869 longioribus,
602 2813 757 2867 calycis
790 2812 954 2855 laciniis
987 2814 1437 2865 oblongo-lanceolatis
1470 2810 1789 2858 obtusiusrulis,

113 2874 280 2916 corollae
311 2873 416 2916 lobis
442 2871 835 2916 ovato-lanceolatis
860 2872 995 2914 acutis
1023 2876 1086 2922 Θ.
1112 2873 1158 2913 P.
1192 2871 1343 2913 Indica
1368 2870 1490 2911 Linn.
1512 2882 1562 2910 ex
1588 2868 1789 2921 descript.

112 2956 167 2962 --
189 2933 235 2974 P.
257 2932 417 2984 cxiyua
447 2932 580 2974 Murr.
614 2930 774 2975 Comm.
803 2929 913 2973 Gott.
942 2932 1065 2982 1778,
1090 2944 1132 2984 p.
1160 2931 1231 2982 94,
1252 2930 1334 2972 tab.
1361 2932 1396 2972 5.
1420 2953 1476 2960 —
1502 2928 1550 2969 P.
1578 2928 1795 2968 Bosetana

110 2989 228 3034 Poir.
251 2990 362 3034 Dict.
390 2990 540 3045 Suppl.
566 2990 638 3044 lv,
658 3003 699 3045 p.
723 2990 824 3032 433.
