2100 3262
307 190 377 230 544
1009 189 1013 192 “
1074 203 1271 231 LABIATAE.
1846 196 2025 236 Mentha.

355 272 457 311 Hah.
486 276 526 310 in
554 275 708 311 Graecia
735 275 878 320 (Sihth.
908 285 956 311 ex
984 274 1103 320 Bth.)‚
1137 274 1292 311 Libano
1319 275 1491 322 (Gailll),
1521 275 1776 313 Kurdistania
1795 276 1885 322 (ΚΥ.
1904 277 2021 324 3951),

306 322 725 416 ἓέἳρῶἕὲἕζῗεέΐζΐῗοέ
738 324 778 369 1),
791 322 926 360 Persia
941 322 1092 359 boreali
1109 323 1251 367 (Auch.
1267 322 1408 369 51051),
1424 323 1686 360 Turkestania
1697 324 1886 370 (Lehml),
1902 335 2024 371 regno

579 381 596 405 1'
685 398 691 404 .

367 452 407 478 ε.
446 435 664 489 gylabrata.
687 460 746 468 —
770 437 933 480 Viridis
969 435 1164 480 breviter
1200 439 1244 480 et
1280 437 1474 491 crispule
1512 437 1741 491 puberula,
1778 438 1876 481 folia
1916 440 2020 482 sub-

307 496 478 538 sessilia
516 496 745 539 latinscula
788 497 952 552 saepius
997 499 1152 549 argute
1188 497 1390 541 dentata.
1429 497 1559 551 spicae
1598 497 1918 540 crassiusculae.
1964 522 2012 528 ‹—

306 554 362 596 M.
410 554 580 597 Rosanz‘
617 555 722 597 Ten.
762 579 818 587 —
847 556 904 598 M.
942 554 1151 608 ambigua
1187 555 1320 598 Guss.
1345 579 1402 584 —-
1430 556 1486 597 M.
1515 555 1747 609 sylvestris
1775 569 1867 599 var.
1895 557 2020 599 Kots-

306 612 480 665 chyam
512 614 650 656 Boiss.
677 614 833 667 Diagn.
866 614 962 658 Ser.
991 615 1045 665 II,
1070 615 1098 657 4
1120 629 1160 670 p.
1186 618 1226 657 5.

352 687 453 724 Hah.
477 689 517 724 in
536 688 728 724 Cataonia
748 688 977 735 (Hausskl),
1006 689 1165 737 alpibus
1193 689 1335 725 Musch
1363 689 1559 726 Armeniae
1583 689 1770 725 australis
1790 689 1882 735 (Ky.
1901 689 2023 736 4541),

304 735 421 771 valde
458 735 698 772 Khabackar
733 735 848 772 Ponti
882 736 1011 773 Lazici
1045 737 1192 783 (Ball),
1224 737 1319 783 J'ago
1355 736 1539 774 Koschan
1572 737 1694 773 Tauri
1729 736 1876 773 Cilicici
1914 737 2021 774 7800‘

304 781 384 829 (Ky
414 783 532 829 3071).

361 869 403 898 η.
441 849 615 894 viridis.
642 875 692 882 -
724 849 883 893 Glabra
918 850 1085 900 viridis,
1123 851 1222 894 folia
1257 851 1452 894 breviter
1483 851 1687 905 petiolata
1724 850 2021 904 oblongo-lan-

303 911 466 1012 09018εὸῐὲ
491 913 615 952 acute
643 914 825 962 serrata,
853 911 982 964 spicae
1008 913 1165 954 tenues
1193 911 1468 965 interruptae.
1495 933 1550 941 —
1579 909 1637 952 M.
1667 909 1828 953 viridis
1851 910 1904 952 L.
1939 910 2014 965 Sp.

302 980 329 1023 p
348 1045 440 1082 Hah
474 1046 515 1081 in
533 1045 766 1082 Macedonia
786 1045 944 1091 (Ἐάν),
974 1056 1096 1093 prope
1120 1045 1280 1082 Vodena
1309 1045 1487 1093 (Orpbl),
1522 1045 1572 1081 ad
1601 1045 1813 1082 Diarbekir
1839 1045 2018 1094 Mesopo-

301 1094 434 1129 tamiae
454 1092 651 1138 (Hausskl
671 1093 739 1128 sed
758 1104 809 1129 an
827 1096 1049 1140 spontanea
1060 1095 1104 1139 ?).

358 1163 403 1205 θ.
437 1160 603 1203 attavis.
638 1185 696 1190 ——
723 1160 907 1203 Molliter
933 1160 1181 1216 pubescens
1207 1160 1274 1203 vel
1297 1160 1465 1211 villosa,
1504 1160 1602 1202 folia
1638 1160 1908 1214 longiuscule
1944 1174 2017 1216 pe-

297 1220 446 1264 tiolata
481 1221 819 1273 ovato-oblonga
862 1222 1046 1272 serrata,
1081 1220 1211 1273 spicae
1245 1220 1351 1263 laxae
1385 1219 1478 1262 basi
1514 1219 1791 1273 interruptae,
1833 1220 2019 1262 bracteae

299 1277 505 1333 elongatae
534 1280 800 1323 lanceolatae.
830 1303 883 1310 —
907 1279 962 1321 M.
988 1278 1142 1321 suavis
1165 1277 1296 1321 Guss.
1325 1279 1381 1333 pl.
1409 1291 1493 1321 rar.
1522 1291 1562 1333 p.
1591 1279 1691 1330 367,
1714 1278 1800 1320 tab.
1828 1280 1897 1321 66.

342 1353 446 1389 Hah.
469 1355 507 1389 in
527 1353 703 1389 humidis
724 1352 867 1389 insulae
887 1352 1033 1388 Tassos
1054 1351 1297 1389 Macedoniae
1316 1352 1503 1396 (Frieder.
1521 1362 1568 1388 ex
1587 1351 1773 1397 Griseb).

341 1408 507 1446 Videtur
526 1409 652 1444 forma
674 1409 775 1445 inter
801 1408 849 1445 M.
870 1409 1099 1456 sylvestrem
1119 1411 1157 1446 et
1173 1409 1407 1457 aquaticam
1426 1408 1607 1455 hybrida.

341 1466 402 1501 Ar.
423 1465 558 1510 Geoqr.
592 1463 750 1512 Europa
768 1466 861 1508 tota,
889 1464 1043 1509 Sibiria,
1071 1464 1215 1500 insulae
1232 1464 1505 1505 Canarienses‚
1529 1464 1661 1500 Africa
1680 1464 1864 1507 borealis,
1884 1465 2012 1511 Abys-

294 1511 408 1555 sima,
427 1512 540 1548 India
559 1512 741 1558 borealiS,
758 1511 799 1549 P.
819 1512 859 1548 B.
884 1512 987 1560 Spei.

354 1616 393 1659 3.
433 1617 499 1658 M.
534 1616 816 1669 aquatica
851 1616 914 1665 (L.
943 1615 1018 1670 Sp.
1052 1627 1092 1669 p.
1129 1615 1237 1670 805)
1260 1616 1383 1659 caule
1408 1618 1653 1659 retrorsum
1676 1615 1862 1665 hirsuto,
1893 1616 2005 1658 foliis

292 1675 512 1730 petiolatis
537 1676 677 1717 ovatis
704 1675 888 1718 serratis
911 1675 1006 1718 basi
1032 1676 1281 1718 rotundatis
1310 1675 1376 1718 vel
1405 1673 1682 1718 subcordatis
1704 1674 1911 1728 glabratis
1936 1676 2002 1719 vel

292 1732 652 1788 pubescentibus,
689 1734 1011 1778 verticillastris
1044 1735 1122 1777 2-3
1156 1734 1463 1777 terminalibus
1500 1733 1826 1777 remotiusculis
1862 1735 1929 1776 vel
1966 1735 2010 1777 iu

292 1794 531 1847 capitulum
579 1794 809 1837 terminale
851 1794 1069 1846 congestis
1115 1794 1227 1836 foliis
1268 1793 1496 1837 floralibus
1539 1793 1785 1847 superatis,
1824 1793 2010 1836 bracteis

292 1852 557 1903 lanceolatis,
581 1854 726 1905 calyce
754 1852 942 1906 oblongo
976 1853 1141 1896 sulcato
1171 1853 1378 1896 dentibus
1406 1866 1429 1895 a
1454 1852 1548 1896 basi
1582 1853 1840 1906 triangulari
1875 1854 2011 1896 subu-

292 1911 390 1955 latis
424 1918 484 1959 36.
509 1912 563 1954 Ic.
592 1912 726 1956 Rchb.
753 1912 838 1954 tab.
865 1914 936 1954 a5.
969 1937 1018 1943 —
1051 1912 1107 1954 M.
1140 1911 1317 1954 hirsuta
1340 1912 1430 1955 Sm.

340 1976 441 2013 Hab.
462 1978 502 2013 in
521 1979 721 2014 umbrosis
740 1980 778 2015 et
796 1978 985 2021 humidis,
1013 1979 1311 2026 Peloponnesus
1338 1980 1378 2015 in
1407 1979 1520 2015 Elide
1547 1978 1738 2024 (Heldrl),
1768 1978 1948 2022 Thracia,
1976 1982 2013 2015 et

289 2022 480 2071 Bithynia
506 2026 709 2071 (Griseb.)‚
735 2025 921 2062 Anatolia
949 2026 1206 2063 occidentalis
1237 2026 1410 2072 (Simu),
1439 2026 1554 2073 Syria
1577 2025 1748 2062 borealis
1773 2026 1954 2070 (Haussk
1972 2028 2011 2073 l),

289 2069 446 2117 Tauria,
466 2072 668 2109 Caucasus
687 2076 724 2110 et
742 2074 1056 2110 Transcaucasia
1075 2074 1272 2120 (Ledeb.),
1291 2074 1427 2110 Persia
1447 2073 1621 2111 borealis
1641 2073 1805 2120 (Szov.)

347 2138 400 2191 β.
446 2139 619 2181 incana.
659 2164 716 2172 —
752 2139 859 2184 Tota
904 2140 1330 2184 lanato-tomentosa.
1364 2165 1415 2171 —
1455 2141 1512 2183 M.
1560 2139 1766 2182 ertantha
1807 2140 1850 2183 C.
1892 2141 2009 2184 Koch

288 2194 415 2240 Linn.
445 2197 492 2240 21
527 2212 553 2253 p
597 2201 695 2241 650.

338 2262 440 2300 Hah.
459 2265 499 2300 in
526 2275 620 2310 agro
639 2265 860 2311 Byzantino
882 2265 1059 2310 (Wiedl),
1073 2266 1113 2301 in
1133 2265 1278 2302 Tauria
1298 2266 1424 2311 (herb.
1445 2266 1485 2302 C.
1505 2266 1614 2302 Koch
1625 2267 1661 2311 ἱ).

333 2319 395 2355 Ar.
423 2321 558 2366 Geoqr.
585 2321 743 2368 Europa
762 2321 892 2357 omnis
916 2331 940 2356 a
960 2320 1099 2356 Suecia
1116 2321 1166 2356 ad
1187 2321 1372 2358 Bossiam
1397 2321 1610 2366 borealem,
1634 2320 1779 2356 Sihiria
1797 2319 1949 2356 Altaica
1970 2322 2007 2355 et

286 2364 542 2411 Baicalensis‚
562 2368 696 2404 Africa
714 2368 900 2411 borealis,
919 2368 1092 2413 Madera,
1118 2369 1158 2404 P.
1179 2370 1222 2405 Β.
1241 2368 1343 2416 Spei,
1375 2369 1555 2405 America
1584 2368 1756 2405 borealis
1786 2370 1822 2404 et
1850 2367 2008 2414 tropica.

346 2469 385 2509 4.
420 2468 486 2510 M.
524 2469 804 2512 arvensis
840 2469 906 2524 (L.
945 2468 1023 2523 Sp.
1049 2468 1173 2524 806),
1208 2469 1410 2512 villosula
1438 2469 1506 2511 vel
1539 2467 1849 2522 glabriuscula‚
1875 2468 2006 2510 cauli-

284 2524 368 2568 bus
391 2528 734 2571 ascendentibus
749 2531 999 2572 retrorsum
1027 2528 1182 2583 pilosis
1210 2529 1277 2570 vel
1301 2527 1624 2582 glabriusculis‚
1649 2527 1763 2570 foliis
1787 2526 2004 2581 petiolatis

283 2585 423 2628 ovatis
453 2587 642 2630 dentatis
667 2587 760 2629 basi
785 2587 998 2633 cuneatis,
1021 2587 1323 2631 verticillatris
1346 2588 1539 2642 globosis
1579 2587 1670 2630 fere
1704 2597 1832 2628 secus
1866 2588 2003 2628 totum

284 2645 450 2687 caulem
474 2646 735 2689 axillaribus
761 2647 942 2690 remotis
970 2647 1176 2689 soliorum
1202 2646 1360 2701 petiolo
1388 2646 1682 2691 brevioribus.
1707 2644 1895 2689 bracteis
1917 2643 2003 2686 lan-

283 2704 473 2755 ceolatis‚
497 2705 655 2758 calycis
680 2705 1205 2760 tubuloso-campanulati
1230 2706 1436 2749 dentibus
1463 2703 2001 2759 triangulari-laneeolatis

284 2760 458 2805 demum
489 2765 703 2817 porrectis
741 2771 800 2811 ¹36.
826 2764 961 2808 Rchb.
990 2764 1046 2808 Ic.
1076 2765 1170 2806 tab.
1204 2767 1283 2808 88.
1314 2789 1371 2795 -
1403 2765 1459 2808 M.
1486 2764 1635 2807 sativa
1663 2763 1709 2806 L.

330 2825 430 2864 Hab.
451 2830 490 2864 in
511 2829 625 2865 cultis
645 2830 821 2866 humidis
850 2833 888 2866 et
911 2830 962 2866 ad
990 2831 1118 2866 fossas
1150 2831 1189 2866 in
1219 2831 1366 2867 ditione
1395 2834 1438 2867 ut
1463 2830 1620 2867 videtur
1644 2839 1744 2874 rara,
1770 2828 2006 2876 Byzantium

281 2872 475 2921 (Sestini),
495 2876 644 2912 Tauria
664 2877 819 2922 (Stev.]‚
841 2877 1043 2913 Caucasus
1063 2877 1191 2922 (MR,
1217 2879 1306 2914 CA.
1328 2878 1410 2923 Μ.)

278 2930 390 3020 ΙΒίιέἒ
413 2932 737 3015 ῧξὶῗῇιὲ;ἃΕιιΥοῙιῃ
758 2934 976 2980 praesertim
1001 2933 1321 2981 septentrionalis
1341 2936 1378 2970 et
1395 2934 1536 2978 media,
1564 2931 1721 2979 Sibiria,
1740 2931 1847 2978 regio
1866 2930 2008 2966 Hima-
