2065 3271
107 163 377 202 Psilostemon.
818 171 1100 197 BORRAGINEAE.
1747 165 1820 200 177

158 244 259 279 Hab.
273 244 313 279 in
328 243 536 279 castanetis
554 242 752 278 umbrosis
768 242 912 278 montis
926 242 1050 278 Athos
1063 242 1265 287 (Grisebl),
1276 243 1418 279 montis
1431 242 1622 280 Corthiati
1633 243 1761 292 (Orph
1776 248 1816 290 l),

106 292 151 328 in
171 291 297 326 vineis
320 290 499 326 Thraciae
522 300 641 336 prope
662 289 833 325 Carlova
851 289 1010 334 (Frivl).

156 357 216 392 Ar.
237 356 367 401 Geoqr.
397 354 586 390 Banatus.

63 470 65 474 ’
99 489 460 538 φειιοςΤΕΜοΝ
495 488 609 550 (ac.
649 489 791 537 prodr.
827 488 872 540 x,
901 503 937 549 p.
967 487 1037 536 35.
1074 516 1134 522 -
1174 488 1559 549 Trachystemon
1595 490 1719 538 non<
1756 518 1815 525 -

660 552 1017 600 Nordmannia
1044 553 1259 612 Ledeb.).

171 689 304 743 Calyx
331 690 655 744 quiuquefidus.
685 687 852 732 Corolla
883 692 986 731 tubo
1018 691 1158 741 brevi,
1187 691 1317 733 limbo
1343 691 1387 733 in
1416 695 1591 735 lacinias
1624 694 1812 737 lineares

108 751 215 792 tubo
252 749 416 802 pluries
446 749 662 802 longiores
691 748 861 802 partito.
899 747 1106 791 Fornices
1144 749 1302 792 breves
1345 752 1409 793 vel
1445 752 1667 805 elongatae.
1702 753 1814 795 Fila-

111 812 257 851 menta
285 809 407 861 longe
435 811 609 850 exserta
629 807 719 849 basi
746 807 798 849 ad
822 807 1103 850 insert-ionem
1127 808 1334 863 papillosa
1363 811 1427 852 vel
1458 810 1581 852 hirta.
1605 811 1813 854 Antlierae

109 867 336 910 distantes.
358 866 537 909 Nuculae
559 868 585 908 4
609 866 972 921 libe1·ae,obliquae
990 867 1057 908 vel
1083 871 1223 915 rectae,
1239 867 1329 910 basi
1349 874 1564 911 excavatae
1588 875 1630 911 et
1652 872 1812 913 annulo

114 926 205 968 laevi
234 927 394 969 cinctae.
424 949 478 956 —
506 925 660 967 Herbae
690 937 906 978 perennes
931 926 996 967 vel
1027 939 1199 969 annuae.

177 1062 207 1101 1.
241 1058 299 1102 P.
329 1058 630 1102 Orientale
664 1057 730 1113 (L.
764 1057 835 1113 Sp.
874 1059 950 1100 197
985 1059 1067 1101 sub
1102 1059 1326 1114 Bam-ayo)
1364 1061 1598 1104 rhizomate
1631 1073 1815 1104 carnoso

111 1118 348 1173 cylindrico
385 1117 652 1163 stolonifero.
690 1117 802 1159 foliis
841 1129 1033 1171 superne
1071 1119 1281 1172 adpresse
1323 1120 1522 1173 strigosis
1561 1121 1719 1162 subtus
1763 1120 1816 1162 ad

111 1189 271 1220 nervos
309 1181 350 1219 et
387 1188 519 1219 venas
554 1177 678 1218 hirtis
719 1176 978 1220 radicalibus
1014 1177 1138 1231 longe
1174 1178 1389 1231 petiolatis
1431 1179 1587 1232 amplis
1625 1179 1815 1222 cordatis

108 1236 304 1279 breviter
326 1235 594 1285 acuminatis,
621 1236 818 1278 caulibus
850 1236 1203 1291 setoso-hispidis
1232 1237 1328 1279 folia
1354 1237 1557 1281 radicalia
1590 1238 1657 1279 vix
1683 1250 1815 1292 supe-

111 1295 310 1338 rantibus
328 1295 482 1338 erectis
503 1294 632 1337 nudis
651 1296 694 1337 in
716 1294 958 1348 paniculam
979 1296 1260 1338 multifloram
1281 1296 1391 1339 foliis
1414 1298 1561 1350 parvis
1582 1297 1816 1340 sessilibus

109 1354 457 1406 ovato-oblongis
487 1353 760 1407 bracteisque
792 1353 940 1407 parvis
967 1355 1107 1397 ovatis
1141 1354 1323 1398 obsitam
1352 1357 1631 1404 abeuntibus,
1671 1357 1818 1409 calyce

112 1414 228 1455 ultra
253 1413 443 1455 medium
472 1413 510 1454 in
540 1412 714 1455 lacinias
741 1412 948 1465 oblongas
982 1414 1161 1456 obtusas
1197 1415 1370 1467 partito⁷
1401 1416 1572 1458 corollae
1610 1416 1818 1457 caeruleo-

114 1472 473 1526 purpurascentis
502 1471 604 1514 tubo
626 1472 768 1525 calyce
793 1470 1073 1525 sublongiore
1096 1473 1214 1515 intus
1234 1473 1426 1515 medium
1454 1486 1610 1516 versus
1641 1476 1663 1514 5
1693 1475 1820 1516 fasci—

112 1531 221 1574 culis
249 1531 435 1584 pilorum
457 1531 684 1573 instructo.
702 1531 831 1573 limbo
857 1531 960 1573 tubo
985 1532 1115 1586 triplo
1135 1532 1328 1585 longiore
1354 1534 1396 1575 in
1426 1533 1601 1576 lacinias
1629 1533 1819 1575 lineares

112 1594 239 1633 extus
262 1589 422 1644 pilosas
443 1589 730 1632 horizontales
753 1589 1195 1634 revoluto-contortas
1216 1592 1388 1644 partito,
1408 1592 1648 1635 fornicibus
1669 1592 1820 1645 parvis

113 1650 251 1691 ovatis
282 1649 453 1695 retusis,
478 1648 710 1691 filamentis
730 1649 853 1702 longe
874 1650 1062 1691 exsertis
1082 1649 1281 1703 pilosulis
1301 1650 1392 1693 basi
1412 1651 1612 1705 hispidis,
1631 1652 1818 1693 nucibus

113 1707 157 1749 in
174 1709 318 1762 calyce
336 1720 488 1761 parum
513 1708 715 1761 ampliato
736 1708 882 1761 parvis
908 1709 1044 1762 nigris
1064 1709 1212 1751 nitidis
1232 1713 1486 1753 transverse
1509 1711 1648 1752 ovatis
1677 1713 1819 1753 rostro

115 1766 368 1810 horizontali
388 1770 512 1809 acuto
532 1769 638 1821 ruga
654 1766 742 1808 fere
768 1767 1080 1819 utiica‚a11nulo
1104 1768 1223 1810 tenui
1246 1768 1413 1821 integro
1440 1776 1498 1816 26.
1529 1770 1576 1811 P.
1600 1768 1820 1811 Orientale

114 1839 194 1868 uc.
221 1825 373 1868 Proclr.
403 1824 455 1877 X,
475 1839 513 1880 p.
545 1827 614 1868 35.
647 1851 694 1855 —
725 1825 926 1878 Borrayo
954 1826 1195 1879 eordc'folz'a
1222 1827 1400 1870 Maench.
1430 1852 1487 1858 —
1508 1826 1824 1870 Nordmanne'a

115 1883 354 1935 cordifolc'a
376 1884 538 1927 Ledeb.
566 1884 678 1928 Bull.
703 1885 898 1927 Petersb.
924 1886 963 1936 2,
990 1899 1029 1940 p.
1058 1887 1156 1928 312.
1183 1910 1237 1915 ›—
1256 1886 1310 1929 Ic.
1337 1887 1499 1929 Tourn.
1523 1888 1631 1940 Voy.
1659 1900 1699 1941 p.
1719 1887 1818 1928 523.

118 1968 170 1974 -
197 1943 259 1986 Fl.
282 1943 416 1987 Graec.
447 1947 474 1985 t.
504 1945 602 1986 175.
629 1968 682 1974 —
706 1944 799 1986 Bot.
835 1943 938 1998 Reg.
967 1945 1052 1987 tab.
1083 1946 1179 1987 288.
1212 1969 1266 1976 -
1293 1943 1640 1999 Tr'aclcystemon
1670 1944 1822 1988 Ore'en-

119 2001 202 2045 lale
224 2003 338 2046 Don.
366 2027 422 2034 —
455 2003 580 2045 Jaub.
609 2007 651 2045 et
679 2003 749 2057 Sp.
781 2003 841 2045 Ill.
873 2003 954 2045 tab.
979 2005 1078 2046 419.

166 2077 270 2114 Hab.
289 2078 330 2113 in
345 2078 470 2123 sylvis
487 2078 796 2114 umbrosissimis
814 2078 989 2114 humidis
1005 2078 1186 2124 Byzantii
1200 2079 1374 2124 (Tourn..
1386 2079 1516 2114 Sibthl
1534 2078 1641 2114 Cast!
1660 2077 1769 2113 Auch
1785 2077 1824 2121 ll,

116 2124 266 2161 radices
293 2124 453 2171 Olympi
479 2125 640 2171 Bithyni
672 2125 822 2167 (Boissl
847 2126 1052 2171 Barbeyl),
1073 2126 1261 2172 Bithynia
1290 2129 1326 2162 et
1352 2126 1626 2173 Paphlagonia
1647 2125 1824 2170 (Wiedlj,

117 2170 264 2208 Pontus
293 2172 343 2208 ad
369 2173 656 2219 Trapezuntem
681 2173 870 2218 (Bourgl)
890 2176 927 2208 et
950 2173 1070 2209 Rhize
1095 2174 1185 2218 (Bal
1201 2175 1240 2218 l),
1267 2174 1306 2209 in
1327 2173 1523 2216 Colchide,
1553 2173 1753 2208 Abcbasia
1783 2174 1825 2207 et

115 2217 296 2255 Imeretia
312 2220 494 2265 (Nordm!
517 2220 640 2266 Ruprl
658 2230 783 2266 usque
802 2220 852 2255 ad
867 2220 1006 2265 19001),
1025 2220 1149 2256 Guria
1167 2221 1278 2263 (Stev
1294 2223 1332 2266 ἲ).

177 2343 215 2384 2.
249 2343 304 2385 P.
329 2343 626 2387 Creticum
649 2343 819 2398 (Willd.
851 2343 923 2398 Sp.
954 2344 987 2394 1,
1011 2358 1051 2399 p.
1078 2346 1158 2388 778
1185 2346 1266 2388 sul)
1296 2345 1517 2397 Borrama)
1546 2343 1822 2386 molliuscule

116 2402 518 2456 setuloso-hispida.
553 2403 787 2445 rhizomate
819 2403 1047 2454 fusiformi‚
1073 2405 1268 2447 caulibus
1295 2404 1450 2446 crectis
1487 2404 1554 2445 vel
1582 2401 1822 2444 ascenden-

116 2459 233 2503 tibus
258 2461 466 2503 ssexuosis
490 2462 653 2505 foliosis
676 2463 765 2504 fere
792 2475 814 2504 a
840 2463 933 2505 basi
957 2464 1157 2513 ramosis,
1179 2464 1292 2506 foliis
1317 2476 1338 2504 a
1366 2462 1456 2504 basi
1476 2463 1602 2504 ovata
1627 2461 1694 2503 vel
1719 2460 1824 2503 sub·

115 2521 289 2562 cordata
317 2522 454 2562 ovatis
490 2524 531 2562 et
567 2521 762 2574 oblongis
792 2522 960 2564 obtusis
989 2522 1424 2576 repando-petiolatis
1463 2520 1746 2562 inferioribus
1783 2522 1830 2561 et

115 2577 384 2622 intermediis
413 2580 625 2633 petiolatis
652 2581 835 2623 summis
855 2581 1080 2624 diminutis
1106 2582 1349 2624 sessilibus.
1370 2581 1554 2622 racemis
1571 2578 1828 2633 Junioribus

117 2637 605 2693 scorpioideo-capitatis
638 2639 811 2681 deinum
854 2640 1065 2693 elongatis
1100 2641 1233 2688 laxis.
1267 2641 1408 2694 calyce
1453 2639 1502 2680 ad
1549 2637 1740 2680 medium
1787 2637 1831 2678 in

118 2694 290 2738 lacinias
311 2699 567 2740 lanceolatas
587 2698 704 2748 fisso,
727 2699 949 2741 fructifero
970 2700 1095 2741 valde
1116 2703 1286 2741 accreto
1306 2699 1475 2740 nutanti
1505 2696 1828 2750 campanulato,

117 2756 286 2797 corollae
310 2755 462 2798 albidae
491 2757 594 2799 tubo
620 2758 762 2810 calyce
788 2757 990 2800 breviore
1021 2758 1106 2801 ima
1132 2759 1225 2801 basi
1260 2757 1517 2811 glanduloso
1556 2755 1688 2797 limbo
1720 2754 1828 2798 tubo

119 2812 142 2853 2
178 2812 326 2869 ¹l2·plo
367 2816 556 2868 longiore
594 2817 637 2857 in
680 2817 854 2859 lacinias
897 2816 1081 2859 lincares
1124 2817 1461 2870 erecto-patulas
1501 2813 1828 2868 glabriusculas

118 2874 288 2924 partito,
325 2874 562 2917 fornicibus
601 2875 840 2918 linearibus
884 2876 1105 2929 papillosis
1143 2877 1267 2928 longe
1307 2875 1494 2917 exsertis
1535 2873 1610 2916 sed
1653 2872 1829 2914 laciniis

118 2933 288 2974 corollae
305 2933 596 2986 brevioribus,
616 2934 847 2978 filamentis
867 2934 1028 2988 glabris
1050 2936 1170 2989 louge
1190 2935 1376 2977 exsertis
1401 2933 1588 2976 fornices
1611 2943 1833 2986 superan-

1598 3005 1645 3042 12
