2065 3271
123 260 425 309 Chenopodium.
845 272 1122 299 SALSOLACEAE.
1731 271 1800 311 901

168 341 266 377 Hah.
286 342 325 376 in
344 340 471 386 cultis,
500 340 687 386 glareosis
699 342 817 424 grob.
839 343 958 378 totius
980 344 1102 388 partis
1129 346 1445 390 septentrionalis
1474 349 1646 394 ditionis,
1675 349 1800 387 Mace-

121 387 696 441 donia(Orphl)‚Byzantiuni(
727 389 855 434 ihm),
869 389 1018 425 Pisidia
1035 390 1084 424 ad
1103 389 1230 426 lacum
1243 391 1639 441 Beychelir(Heldrl)‚
1651 397 1801 436 Pontus

121 435 286 472 Lazicus
307 434 444 479 (Ball),
464 434 610 469 Tauria
628 436 779 480 (Stev.},
798 436 997 472 Caucasus
1015 439 1053 471 et
1070 436 1378 475 Transcaucasia
1396 442 1586 486 (Laden).

167 491 227 526 Ar.
248 490 378 534 Geogr.
403 488 562 535 Europa
582 489 752 526 borealis
772 493 809 525 et
826 491 966 537 media,
988 490 1142 527 Sihiria.

181 592 218 633 2.
254 591 305 635 C.
328 590 612 634 Vulvaria
633 591 698 646 (L.
726 591 796 646 Sp.
815 592 919 647 321)
952 603 1143 634 annuum
1171 591 1483 636 faetidissimum
1505 595 1801 642 incano-cine-

125 661 311 700 rascens,
337 650 532 691 caulibus
569 650 1091 702 patenti-ascendentibus
1129 651 1448 704 ramosissimis,
1484 653 1592 697 foliis
1622 655 1800 701 alternis

123 708 335 762 petiolatis
359 707 728 751 rhombeo-ovatis
760 709 951 762 integris,
976 708 1130 752 ssorum
1156 709 1407 762 glomcrulis
1431 714 1801 758 racemisormibus

122 766 370 808 axillaribus
415 770 456 808 et
501 767 802 810 terminalibus
845 768 1058 822 aphyllis‚
1103 767 1312 821 perigonii
1363 768 1526 811 laciniis
1576 773 1802 817 ecarinatis

123 825 307 867 fructum
342 825 601 877 tegentibus,
637 827 801 868 semine
839 825 1089 868 liorizontali
1126 826 1376 880 punctulato
1411 829 1600 881 margine
1637 831 1802 874 acutiu-

121 884 240 926 sculo
267 887 330 934 O.
356 883 408 924 Ic.
437 884 495 925 Fl.
522 884 628 925 Dan.
657 885 739 925 tal).
770 885 893 925 1152.
918 908 974 915 -
997 884 1037 926 C.
1067 884 1231 925 olidam
1253 884 1339 926 Sm.

170 955 268 991 Hah.
291 957 329 990 iu
353 955 546 991 ruderatis
567 958 688 993 totius
715 958 874 993 ditionis
899 969 921 992 a
941 957 1110 993 Graecial
1143 957 1190 992 ad
1218 956 1437 992 Caucasum
1462 961 1497 993 et
1524 970 1629 1004 prov.
1659 961 1803 998 Trans-

123 1004 343 1038 caucasicas
365 1003 560 1047 (Hohenl)
606 1004 780 1039 Persiam
808 1004 978 1040 mediam
1003 1003 1225 1049 (haussi-1).
1252 1003 1296 1038 In
1326 1005 1624 1042 australioribus
1651 1012 1803 1044 montu-

124 1059 229 1095 num,
247 1049 421 1084 Libanus
440 1049 530 1096 (ΚΥ.
553 1032 641 1086 35¹1!
661 1051 755 1096 ΒΗ),
777 1051 966 1097 Egyptus.

126 1150 151 1186 b
170 1105 229 1139 Ar.
247 1104 378 1186 sseoqr.
405 1103 562 1151 Europa
590 1105 718 1140 omnis
748 1115 771 1140 a
800 1105 930 1141 Dania
951 1106 988 1140 et
1008 1103 1154 1140 Gothia
1184 1104 1234 1139 ad
1256 1104 1438 1140 Rossiam
1459 1105 1642 1153 mediam,
1673 1109 1808 1149 Africa

155 1161 245 1186 orea
263 1161 307 1186 1s.

183 1240 220 1280 3.
256 1239 309 1283 C.
348 1238 653 1282 ficifolium
693 1238 852 1294 (Smith
894 1239 997 1282 Brit.
1032 1239 1067 1290 I,
1111 1252 1149 1293 p.
1186 1239 1291 1294 276)
1328 1252 1519 1284 annuum
1557 1242 1806 1287 virescenti·

124 1297 407 1350 cinerascens,
431 1298 552 1340 caule
575 1302 716 1340 erecto
737 1298 888 1340 striato
907 1309 1090 1350 ramoso,
1116 1298 1226 1341 foliis
1245 1300 1423 1341 alternis
1446 1300 1569 1353 longe
1593 1301 1807 1354 petiolatis

122 1356 296 1407 strictis,
321 1356 598 1399 inferioribus
630 1370 652 1398 a
688 1357 777 1399 basi
812 1359 992 1399 cuneata
1026 1357 1219 1409 oblongis
1259 1358 1325 1399 vel
1360 1358 1806 1410 oblongo-linearibus

123 1415 478 1458 tritono-hastatis
508 1415 692 1457 dentatis
725 1415 820 1458 lobo
850 1415 1106 1458 intermedio
1141 1417 1274 1457 multo
1318 1418 1477 1470 majore
1512 1417 1807 1471 oblongo-lan-

124 1474 284 1516 ceolato
314 1473 483 1525 obtuso,
519 1473 820 1527 superioribus
854 1474 1276 1516 lineari-lanceolatis
1309 1475 1504 1528 integris,
1533 1477 1689 1519 florum
1719 1481 1809 1531 glo·

127 1533 303 1575 merulis
327 1533 369 1574 in
387 1544 577 1574 racemos
593 1533 859 1586 spicisormes
875 1532 1078 1575 axillares
1096 1533 1340 1587 paniculam
1359 1536 1674 1588 pyramidatam
1691 1537 1810 1579 solio-

125 1603 215 1633 sam
250 1592 482 1633 formantes
520 1591 747 1644 congestis,
778 1592 989 1646 perigonii
1024 1591 1189 1634 laciniis
1227 1595 1349 1634 acute
1381 1594 1583 1635 carinatis
1621 1595 1811 1641 fructum

127 1651 382 1702 tegentibus,
396 1650 559 1691 semine
575 1650 757 1692 nitidulo
773 1651 904 1692 nitido
919 1654 1348 1703 excavato-punctam
1368 1653 1558 1706 margine
1576 1653 1731 1695 obtuso
1745 1658 1809 1706 Θ.

127 1709 168 1750 G.
198 1708 335 1750 'atride
364 1707 483 1750 Curt.
514 1708 647 1750 Lond.
677 1709 794 1751 Fasc.
820 1710 858 1762 2,
885 1709 970 1751 tab.
1007 1710 1055 1751 16
1080 1721 1163 1751 non
1190 1709 1234 1750 L.

129 1830 145 1875 ζ
172 1784 327 1866 Hgbbffl
340 1783 467 1876 gultis,
486 1783 663 1830 Egyptus
684 1784 844 1820 inferior
862 1785 963 1820 circa
976 1783 1255 1820 Alexandriam
1269 1785 1439 1831 (Gaium,
1459 1787 1557 1821 circa
1573 1786 1812 1832 Byzantium

150 1840 196 1865 ex
244 1842 254 1866 1
332 1858 339 1865 .
367 1860 373 1866 .

175 1887 234 1921 Ar.
255 1886 385 1931 Geogr.
411 1885 566 1932 Anglia,
588 1886 765 1933 Batavia,
791 1886 932 1932 Gallia,
959 1886 1180 1932 Germania,
1205 1886 1417 1932 Dalmatia,
1438 1889 1546 1934 regio
1565 1889 1814 1943 Danuhialis⁸

128 1931 265 1968 Bossia
281 1932 412 1968 media
431 1936 469 1967 et
484 1933 680 1979 australis,
697 1934 842 1969 Sion-ia
860 1934 1022 1969 Altaica.

183 2034 220 2074 4.
257 2032 308 2075 C.
344 2032 546 2076 album
579 2033 644 2087 (L.
677 2033 747 2087 Sp.
775 2034 879 2088 219)
916 2047 1109 2078 annuum
1147 2034 1505 2079 albo-farinosum
1548 2038 1616 2079 vel
1658 2037 1810 2092 viride,

126 2091 321 2134 caulibus
362 2092 516 2133 erectis
557 2093 771 2144 angulatis
808 2093 848 2135 in
890 2094 1130 2148 paniculam
1163 2093 1352 2136 strictam
1390 2095 1665 2143 abeuntibus,
1700 2096 1811 2142 foliis

127 2150 490 2192 rliombeo-ovatis
513 2151 696 2193 sinuatis
722 2152 790 2193 vel
814 2152 999 2196 dentatis
1032 2154 1174 2196 rarius
1207 2153 1387 2205 integris
1423 2155 1671 2197 lane-eolatis
1707 2155 1812 2199 infe·

128 2208 316 2251 rioribus
357 2209 570 2262 petiolatis
608 2210 907 2263 superioribus
950 2211 1399 2264 oblongo—lanceolatis
1441 2215 1577 2256 acutis
1617 2214 1812 2268 integris,

129 2266 282 2309 florum
319 2268 569 2321 glomerulis
602 2269 643 2310 in
684 2280 876 2311 racemos
912 2274 1152 2323 compactos
1191 2270 1256 2311 vel
1289 2270 1560 2326 interruptos
1592 2273 1811 2327 simplices

131 2327 195 2367 vel
215 2337 406 2368 racemos
425 2325 515 2368 basi
540 2329 715 2380 excepta
734 2327 929 2381 aphyllos
949 2328 1185 2383 dispositis,
1210 2330 1418 2382 perigonii
1446 2331 1655 2373 fructiferi
1679 2330 1814 2376 clausi

130 2384 294 2427 laciniis
326 2385 542 2439 carinatis,
577 2386 754 2428 seminis
789 2385 1066 2429 liorizontalis
1108 2389 1251 2430 rarius
1290 2390 1504 2432 verticalis
1536 2391 1654 2432 laevis
1690 2389 1813 2435 nitidi

130 2443 320 2496 margine
354 2448 478 2486 acuto
506 2449 569 2495 Ε).
614 2445 653 2487 C.
680 2445 817 2487 viride
847 2445 887 2487 L.
917 2446 987 2499 Sp.
1017 2447 1099 2488 319
1134 2447 1289 2501 (forma
1323 2448 1472 2490 viridis
1509 2449 1620 2491 soliis
1653 2448 1813 2502 saepius

131 2500 325 2554 integris,
350 2503 670 2545 inflorescentia
699 2504 829 2556 magis
857 2507 1064 2559 cymosa).
1086 2529 1134 2534 —
1161 2506 1200 2549 C.
1227 2504 1532 2559 cetospermmn
1552 2521 1633 2551 nc.
1653 2508 1714 2560 ΕΙ.
1741 2507 1812 2551 Pr.

131 2559 203 2609 111,
229 2574 268 2614 p.
300 2561 394 2602 3912.
420 2586 474 2591 —
501 2562 539 2604 C.
565 2565 892 2605 concatenatum
918 2564 1075 2607 Thuill.

178 2632 277 2668 Hah.
305 2634 343 2668 in
371 2634 487 2670 cultis
515 2638 552 2670 et
582 2635 771 2671 ruderatis
801 2637 969 2681 regionis
1004 2637 1201 2674 inferioris
1229 2643 1425 2675 montaum
1459 2642 1496 2675 et
1525 2641 1745 2687 subalpinae
1774 2641 1815 2682 in

129 2682 207 2715 tota
227 2679 372 2715 ditione
393 2692 415 2716 a
436 2681 602 2718 Graecni!
626 2683 674 2717 ad
696 2682 913 2729 Egyptum!
935 2684 1131 2721 Persiam!
1152 2689 1189 2721 et
1211 2686 1479 2732 Affghaniam!

176 2735 399 2781 Specimina
424 2737 528 2772 foliis
554 2738 771 2773 sublohatis
798 2739 992 2775 int‹·rdu111
1012 2751 1099 2776 cum
1123 2741 1158 2778 C.
1180 2743 1336 2787 ftez's'olio
1363 2744 1580 2779 seminibus
1604 2746 1814 2781 excavato-

131 2784 326 2827 puuctatis
347 2784 527 2820 distincto
548 2785 840 2821 confunduntur
859 2795 911 2830 tv.
934 2798 987 2833 gr.
1009 2788 1144 2834 planta
1164 2800 1211 2825 ex
1229 2791 1392 2836 Assyria
1413 2790 1483 2836 Ky.
1502 2791 1570 2827 450
1588 2790 1647 2835 ὰ).

175 2839 235 2873 Ar.
254 2840 384 2884 Geogr.
411 2840 536 2876 Totus
559 2841 675 2877 orbis.

190 2941 225 2980 5.
262 2939 314 2982 C.
340 2941 710 2995 opulifoliurn
746 2942 938 2998 (Schrad.
979 2946 1019 2987 in
1052 2959 1131 2990 uc.
1163 2947 1221 2990 Fl.
1255 2948 1324 2991 Pr.
1353 2951 1391 3000 5,
1419 2963 1457 3004 p.
1488 2952 1591 2996 3721
1620 2965 1812 2998 annuum

129 2997 548 3050 glauco-fariuosum,
581 3002 700 3044 caule
731 3007 871 3045 erecto
900 3006 963 3047 vel
993 3006 1251 3049 ascendente
1287 3020 1309 3049 a
1343 3009 1433 3053 basi
1470 3003 1584 3065 saepe
1630 3023 1814 3067 ramoso,
