2100 3262
271 215 368 262 Ξι>1000
1004 232 1267 259 POLYGONEAE.
1733 222 1978 270 Callzyonum

277 311 379 352 tinis
417 308 637 358 tenuibus,
675 308 786 350 foliis
825 308 1041 350 subulatis
1076 321 1173 351 cum
1210 307 1366 350 ochrea
1396 305 1638 350 articulatis
1667 306 1748 349 cito
1777 307 1990 359 deciduis,

276 369 444 411 aclicnii
486 380 582 409 cum
620 368 699 409 alis
741 367 1082 409 membranaceis
1125 367 1239 409 ovati
1283 366 1362 408 alis
1412 365 1551 419 planis
1596 365 1735 407 loculo
1777 367 1990 420 aequilatis

277 432 533 469 transverse
569 431 610 468 et
651 426 852 467 elevatim
895 425 1188 468 mult-inerviis
1227 426 1507 468 circumcirca
1550 426 1674 466 acute
1716 424 1990 469 denticulatis

274 486 514 528 biaristatis
540 486 672 526 crista
693 487 911 527 exteriore
938 484 1141 527 breviore
1165 491 1199 532 5.

325 559 426 594 Hab.
447 560 485 594 in
502 559 693 605 lapidosis
712 558 856 593 Pei-siae
875 558 1045 593 borealis
1065 558 1114 593 ad
1129 559 1296 594 fluvium
1315 557 1470 593 Sefirud
1487 567 1609 604 prope
1627 557 1850 594 Mendschil
1876 561 1914 594 et
1940 559 1983 595 in

272 606 441 642 desertis
461 606 634 641 arenosis
654 605 810 640 Enarek
833 605 1035 650 (Buhsel).

275 709 299 745 d
326 662 466 744 Dtfflfflit
481 673 506 743 {i
524 661 562 697 C.
581 658 764 697 Pallasz'c'i
781 662 900 696 ramis
919 660 1074 706 albidis,
1095 661 1349 696 acheniorum
1369 661 1443 696 alis
1464 660 1679 696 bicristatis
1697 662 1735 696 et
1752 661 1986 707 profundius

269 721 274 722 ⁷
306 720 351 744 en
375 720 435 744 iou
455 719 477 743 a
498 719 541 744 is.

839 858 961 901 SECT.
993 858 1045 901 ΙΙ.
1076 859 1426 901 EUCALLIGONUM.

338 997 374 1037 7.
413 995 465 1037 C.
494 1005 803 1038 comosum
836 993 1013 1049 (L'Her.
1043 994 1087 1036 in
1116 993 1270 1036 Trans.
1301 992 1392 1036 Soc.
1421 994 1547 1037 Linn.
1578 994 1715 1037 Lond.
1746 994 1779 1046 Ι,
1819 1007 1855 1048 p.
1886 993 1989 1050 180)

275 1055 531 1097 fruticosum
557 1055 904 1096 ramosissimum
928 1052 1144 1105 glabrum,
1177 1054 1311 1095 ramis
1347 1053 1502 1095 albidis
1543 1054 1767 1105 tortuosis,
1802 1053 1984 1096 ramulis

276 1114 485 1156 tenuibus
504 1147 513 1164 ‚
560 1114 673 1155 foliis
718 1113 1026 1155 minutissimis
1072 1112 1267 1154 breviter
1316 1112 1534 1154 subulatis
1581 1113 1751 1155 ochreae
1798 1112 1987 1163 adflatis,

273 1173 455 1215 aelienio
498 1176 623 1214 ovato
667 1172 801 1214 dense
839 1175 982 1214 setoso
1029 1172 1135 1214 setis
1178 1171 1509 1214 iaie-seriatis
1554 1172 1737 1214 ramosis
1784 1171 1988 1214 mollibus

275 1231 525 1274 intertextIs
545 1231 636 1273 basi
657 1231 830 1273 dilatata
851 1231 893 1272 in
918 1234 1106 1285 quatuor
1126 1232 1215 1272 alas
1238 1230 1394 1273 breves
1417 1231 1513 1284 plus
1533 1231 1677 1274 minus
1695 1230 1934 1284 conjunctis
1953 1235 1988 1278 5.

325 1305 425 1339 Hab.
449 1305 489 1339 in
510 1304 672 1339 desertis
692 1303 933 1350 AEgyptiacis
956 1304 1004 1338 ad
1021 1303 1212 1338 Kahiram
1231 1305 1268 1338 et
1287 1303 1383 1338 alibi
1399 1303 1527 1346 (Siebl
1547 1303 1722 1349 Schimpl
1741 1303 1872 1338 Boissl
1886 1303 1987 1349 eto),

280 1352 321 1387 in
348 1352 443 1387 Oasi
472 1353 596 1398 parva
631 1351 804 1395 (Asch!)‚
835 1351 885 1386 ad
916 1351 1048 1386 littora
1073 1350 1503 1396 AEgyptiaco-Arabica
1530 1349 1798 1396 (Schweinfl),
1826 1350 1988 1386 desertis

282 1399 440 1433 Arabiae
468 1402 611 1445 petreae
642 1399 787 1442 (Bovel
820 1398 980 1443 Boiss!),
1013 1398 1140 1444 Syriae
1165 1398 1307 1442 (Auch.
1331 1397 1475 1443 25611)‚
1509 1397 1654 1433 Persiae
1677 1397 1864 1433 australis
1888 1397 1988 1433 circa

281 1442 466 1492 Ispahan,
486 1446 668 1490 Kerman,
688 1445 783 1481 Jezd
802 1445 949 1491 (Egel).

326 1501 473 1537 Frutex
494 1501 788 1547 idm-pedalis,
807 1501 903 1536 folia
921 1501 1067 1536 lineam
1093 1501 1160 1536 vix
1179 1500 1422 1537 excedentia.

327 1565 390 1600 Ar.
407 1567 540 1610 Geoqr.
565 1565 698 1600 Africa
719 1564 903 1600 borealis.

339 1673 380 1713 8.
420 1671 471 1714 C.
503 1668 936 1726 polygonoides
974 1669 1039 1724 (pL.
1080 1668 1150 1723 Sp.
1185 1668 1291 1723 478)
1316 1669 1589 1721 fruticosum,
1616 1668 1831 1721 glabrum,
1855 1669 1987 1711 ramis

276 1731 449 1779 albidis,
486 1731 669 1772 ramulis
699 1729 988 1779 tenuissimis,
1023 1728 1135 1770 foliis
1162 1728 1421 1772 tenuissime
1456 1727 1674 1769 subulatis
1703 1727 1987 1780 longiusculis

278 1791 331 1832 ab
358 1791 514 1831 ochi-ea
549 1790 697 1831 liberis
732 1793 773 1830 et
807 1789 890 1831 cito
925 1788 1132 1835 deciduis,
1156 1787 1333 1829 achenio
1361 1786 1544 1839 oblongo
1573 1789 1718 1829 setoso
1749 1787 1854 1829 setis
1887 1786 1987 1840 rigi-

277 1850 394 1892 dulis
421 1849 715 1903 pluriseriatis
742 1847 927 1890 rami-sis
953 1847 1043 1890 basi
1068 1847 1243 1889 dilatata
1276 1847 1318 1888 in
1355 1849 1544 1899 quatuor
1577 1845 1667 1888 alas
1702 1845 1858 1888 breves
1886 1846 1986 1901 plus

278 1910 423 1950 minus
452 1908 693 1963 conjunctis
728 1914 761 1956 5.
800 1906 1117 1959 Polyyorioides
1154 1905 1392 1948 Orientalis
1421 1903 1636 1957 Eplecdrae
1673 1902 1791 1954 facie
1822 1905 1985 1947 Tourn.

277 1967 435 2010 Coroll.
459 1969 528 2009 47.
552 1992 604 1997 —
630 1968 668 2009 It
710 1981 750 2021 p.
776 1968 859 2008 356
884 1967 939 2009 Ic.

325 2041 426 2077 Hab.
449 2042 488 2076 in
510 2041 688 2076 arenosis
707 2040 899 2075 subsalsis
918 2039 1172 2075 interioribus
1193 2038 1387 2074 Armeniae
1408 2038 1447 2073 in
1467 2039 1600 2073 monte
1617 2038 1760 2072 Ararat
1786 2038 1986 2082 (Toum),

275 2088 317 2124 in
337 2089 524 2124 Armenia
541 2089 695 2133 (Auen,
714 2088 863 2133 Szovl)‚
882 2088 920 2121 in
942 2097 1053 2133 prov.
1067 2086 1310 2132 AderbidJ'an
1328 2086 1474 2121 Persiae
1491 2085 1595 2120 inter
1612 2094 1737 2131 pagos
1752 2084 1987 2130 Seidkhodji

277 2137 316 2171 et
333 2136 559 2171 Tchorbula
579 2135 778 2171 districtos
797 2136 903 2170 Klio'i
921 2135 1086 2179 (Szow).

325 2190 488 2225 Ramuli
514 2190 569 2225 eis
595 2189 742 2236 speciei
767 2188 1022 2236 praecedentis
1048 2188 1173 2233 magis
1200 2186 1374 2233 elongati
1404 2188 1441 2222 et
1470 2186 1647 2232 flexuosi,
1684 2185 1781 2221 folia
1806 2185 1986 2232 longiora

275 2237 363 2282 (3-5
380 2238 536 2283 linens),
554 2237 702 2272 fructus
722 2242 815 2272 setae
834 2236 967 2271 minus
984 2235 1129 2271 crebrae
1144 2235 1360 2281 rigidiores.
1376 2233 1436 2268 Ob
1451 2233 1669 2279 specimina
1684 2234 1831 2279 saepius
1845 2233 1988 2280 imper-

277 2286 377 2321 fecta
408 2285 555 2320 limites
579 2285 854 2331 geographicae
880 2285 982 2318 inter
1008 2283 1112 2318 hanc
1138 2285 1176 2317 et
1195 2281 1232 2318 C.
1251 2292 1452 2318 comosum
1468 2280 1732 2326 incompletae.
1765 2280 1987 2326 Speciinina

278 2332 473 2367 nonnulla
492 2332 540 2367 ab
561 2342 635 2366 am.
653 2332 735 2376 Bge
755 2332 795 2365 in
812 2331 943 2366 Persia
962 2330 1145 2365 orientali
1170 2329 1273 2365 lecta
1299 2329 1350 2364 ob
1378 2329 1513 2364 ovaria
1534 2329 1693 2374 juniora
1712 2328 1812 2363 inter
1829 2327 1932 2363 hanc
1952 2329 1987 2363 et

277 2378 317 2415 C.
338 2379 644 2426 Captacmedusae
661 2378 859 2414 Schrenck
877 2379 1024 2413 incerta
1041 2380 1145 2413 sunt.

337 2490 378 2529 9.
417 2488 469 2530 C.
501 2487 789 2530 crinitum
827 2486 988 2540 (Boiss.
1017 2485 1167 2538 Diagn.
1193 2483 1289 2526 Ser.
1320 2484 1373 2535 Π,
1407 2484 1447 2534 4,
1485 2496 1523 2537 p.
1550 2483 1626 2538 77)
1665 2484 1863 2536 glaucum
1898 2483 1986 2537 gla-

276 2546 420 2599 brum,
447 2547 577 2589 ramis
597 2547 808 2600 elongatis
834 2545 1043 2586 tenuibus
1071 2543 1370 2586 subssexuosis
1398 2541 1578 2596 sirianis,
1610 2543 1790 2584 ramulis
1822 2543 1985 2584 tenuis·

276 2607 399 2649 simis
440 2606 666 2658 elongatis,
709 2604 966 2647 internodiis
1015 2603 1242 2656 elongatis,
1292 2603 1485 2644 foliis...
1507 2634 1539 2653 .,
1574 2602 1765 2644 aelieniis
1801 2605 1984 2654 anguste

275 2665 476 2718 ellipticis
505 2666 624 2717 apice
652 2664 903 2713 attenuans,
924 2662 1031 2704 setis
1059 2661 1263 2704 mollibus
1293 2661 1427 2715 longis
1449 2660 1722 2703 octoseriatis
1754 2660 1862 2702 ruiis
1892 2659 1984 2702 basi

272 2724 464 2767 dilatatis
483 2728 526 2765 et
545 2723 825 2766 subconnatis
849 2735 982 2776 supra
1006 2721 1196 2763 medium
1217 2721 1282 2763 bis
1306 2722 1371 2762 vel
1397 2724 1463 2762 ter
1483 2720 1724 2762 dicliotome
1745 2719 1929 2762 ramosis
1945 2727 1982 2767 5.

322 2798 425 2833 Hal).
447 2798 486 2833 in
509 2797 735 2833 Belutschia
756 2795 959 2841 (Stocksl).

320 2854 379 2888 Ex
400 2854 689 2900 speciminibus
710 2851 943 2898 imperfectis
966 2851 1070 2885 mule
1093 2852 1241 2897 notum⁷
1268 2861 1291 2885 a
1316 2849 1631 2897 praeoedentibus
1649 2848 1851 2883 diversum
1868 2847 1977 2883 vide-

274 2904 337 2936 tur
356 2902 475 2936 ramis
494 2900 741 2937 tenuioribus
765 2900 960 2944 elongatis
978 2899 1137 2943 struitis,
1156 2899 1319 2934 achenio
1339 2897 1557 2943 angustiori
1581 2897 1731 2941 abside
1754 2895 1848 2930 setis
1866 2894 1977 2937 3-3¹s2

274 2948 399 2983 lineas
434 2948 552 2994 longo
583 2947 868 2994 sesquilineam
892 2946 985 2992 lato,
1014 2948 1107 2981 set-te¹
1138 2945 1381 2981 tenuissimae
1420 2944 1594 2990 undique
1629 2945 1808 2989 patentes
1838 2942 1976 2988 pauci-

276 2997 429 3031 seriatae
447 2996 655 3032 4-51ineas
677 2995 818 3040 longae.
