2065 3271
89 243 348 290 Polyyonum.
801 248 1061 275 POLYGONEAE.
1694 241 1788 278 1029

146 328 186 367 5.
218 324 272 366 P.
297 320 675 377 Hydropiper
705 321 772 375 [L.
804 320 876 376 Sp.
902 321 1007 376 517)
1033 333 1241 371 annuum,
1267 333 1378 374 acre,
1404 322 1600 365 caulibus
1629 325 1785 367 erectis

87 385 155 427 vel
182 381 516 425 ascendentibus
538 381 738 432 ramosiS,
759 381 928 422 oclireis
952 379 1159 422 brevibus
1181 380 1373 423 breviter
1397 384 1439 423 et
1467 394 1590 435 parce
1615 383 1785 434 cibatis,

84 442 197 486 foliis
233 440 685 493 oblongo-lanceolatis
724 443 765 482 et
805 439 1052 482 lanceolatis
1088 439 1248 491 glabris
1284 440 1347 481 vel
1387 439 1436 481 ad
1476 452 1656 482 nervum
1694 453 1786 484 sca-

82 501 331 548 briusculis‚
365 499 495 552 spicis
527 498 801 542 filiformibus
840 497 1099 552 interruptis
1140 500 1554 552 arcuato-pendulis,
1596 501 1781 542 ssnribus

85 558 417 603 Subliexandris,
467 558 689 612 perigonio
736 557 1218 610 viridi-purpurascenti
1263 558 1783 612 glanduloso-punrtutO,

83 619 296 662 ochreolis
332 617 441 659 ciliis
478 617 696 659 destitutis
717 616 776 662 Θ.
811 617 863 658 Ic.
904 615 964 656 Fl.
1005 615 1113 656 Dan.
1152 616 1235 658 tab.
1275 616 1397 658 1376.
1425 640 1477 647 —
1514 617 1644 659 Rutili.
1681 617 1782 660 Crit.

84 677 169 720 tab.
200 678 296 718 394.

134 752 234 786 Hal».
259 753 297 786 in
318 750 491 785 humidis
509 752 544 785 et
567 750 615 784 ad
641 750 775 791 fossas,
795 748 945 783 Graeeia
963 748 1030 790 (ex
1052 747 1177 783 Sibth.
1200 748 1365 793 Prodi-J,
1388 749 1567 794 Byzantii
1593 749 1736 790 (11‹·1:lr
1747 751 1785 794 ἶ),

85 797 238 835 Pontus
257 798 421 833 Lazicus
439 797 487 832 ad
505 797 626 832 Rliizo
645 796 779 840 (Ball),
806 796 919 840 Syria
941 805 1059 841 prope
1080 795 1236 840 Tripoli
1257 795 1370 840 (1311),
1396 797 1529 831 Persiu
1552 797 1589 830 in
1616 797 1786 832 susiana

86 844 266 889 (Haussk
282 847 321 890 1),
355 846 552 880 Caucasus
581 846 620 878 et
654 843 964 878 Transcaucasia
995 841 1186 886 (Laden),
1229 842 1364 877 Persia
1396 842 1564 878 borealis
1600 844 1640 877 in
1675 854 1783 888 prov.

84 891 233 928 Gliilan
252 891 480 936 (Hausskl).
510 891 677 927 Probab.
696 890 773 925 fere
794 889 944 935 ubique
965 890 1003 924 in
1027 888 1187 924 ditione.

132 956 192 991 Ar.
213 956 345 1000 Geoqr.
371 955 531 1001 Europa
549 955 625 989 fere
647 953 775 990 omnis
796 953 1012 999 praesertim
1037 952 1208 988 borealis
1234 955 1271 988 et
1298 953 1438 998 media,
1469 953 1621 998 Sibiriu,
1654 954 1786 989 Africa

85 1001 269 1047 borealis,
291 1002 474 1038 America
496 1002 678 1037 borealis.

142 1119 178 1159 6.
215 1118 271 1160 Ρ.
296 1119 440 1161 mite
467 1117 681 1171 (Sclirank
708 1116 819 1158 Bair.
849 1115 908 1157 Fl.
934 1116 965 1165 I,
995 1128 1032 1169 p.
1055 1115 1159 1170 608)
1186 1128 1378 1158 annuum
1404 1116 1656 1169 insipidum,
1687 1128 1785 1158 cau-

82 1175 196 1219 libus
232 1178 388 1220 erectis
426 1178 491 1219 vel
526 1176 863 1219 ascendentibus
901 1175 1098 1226 ramosis,
1137 1175 1305 1217 oebreis
1338 1175 1545 1229 adpresse
1579 1179 1620 1216 et
1659 1185 1786 1227 parce

80 1235 208 1278 hirtis
248 1236 367 1290 apice
407 1236 574 1283 ciliatis,
611 1235 721 1277 soliis
762 1234 1221 1286 oblongo-lanceolatis
1261 1234 1595 1287 lanceolatisque
1630 1234 1785 1277 subtus

83 1295 310 1346 scabridis,
329 1295 460 1348 spicis
487 1293 947 1347 tilisormi-cylindricis
966 1293 1225 1346 interruptis
1251 1294 1347 1346 plus
1372 1294 1573 1336 minusve
1595 1293 1785 1344 cernuis,

80 1352 263 1396 floribus
303 1354 641 1403 subliexandris,
688 1353 907 1406 perigonio
946 1352 1445 1406 viridi-purpurascente
1487 1352 1785 1403 eglanduloso,

82 1413 296 1456 ocbreolis
320 1414 471 1455 eiliatis
502 1417 566 1464 Ε).
592 1412 640 1454 Ρ.
667 1411 925 1465 laxefflorum
948 1411 1107 1454 Weilie
1134 1411 1194 1453 Fl.
1228 1412 1354 1461 1826,
1379 1426 1417 1467 p.
1450 1412 1545 1453 746.

132 1488 235 1524 Hub.
255 1489 303 1524 ad
325 1488 450 1524 fossas
470 1491 508 1523 et
527 1498 666 1534 aquas,
688 1498 798 1534 prov.
814 1487 1141 1522 Transcaueasica
1159 1487 1330 1533 Talyscli
1351 1497 1471 1533 prope
1490 1488 1633 1522 Astura
1647 1486 1785 1531 (Hoh.)

84 1536 122 1570 et
140 1536 248 1582 prob.
270 1535 376 1571 alibi.
402 1537 463 1571 An
481 1536 607 1570 fornia
627 1535 821 1581 hybrida?

130 1600 191 1634 Ar.
209 1600 340 1644 Geogr.
366 1599 525 1646 Europa
542 1599 671 1635 media
690 1598 742 1634 ab
762 1598 909 1644 Angli-ii
932 1600 970 1633 et
988 1598 1132 1633 Gothia
1151 1597 1199 1633 ad
1222 1598 1402 1634 izossiam
1423 1598 1606 1643 mediam,
1631 1596 1786 1633 Italiam

82 1647 266 1692 mediam,
286 1646 539 1682 Dalmatiam.

141 1754 178 1795 7.
216 1753 270 1796 P.
311 1751 629 1798 flaccidum
670 1752 828 1808 [Roxb.
863 1752 928 1795 Fl.
973 1752 1140 1807 lud—p.
1180 1751 1285 1808 291)
1319 1752 1548 1796 annuum?
1588 1751 1783 1794 caulibus

81 1814 238 1856 erectis
264 1813 558 1856 subtlexuosis
583 1813 732 1855 stricte
757 1813 955 1863 ramosis,
978 1812 1147 1855 oclireis
1172 1813 1298 1854 hirtis
1322 1812 1440 1866 apice
1468 1813 1589 1863 longe
1613 1811 1784 1861 setosis,

76 1871 190 1915 foliis
216 1872 668 1927 pellucido-punctalis
688 1872 892 1925 utrinque
914 1872 989 1915 sed
1014 1872 1171 1916 subtus
1186 1872 1403 1927 copiosius
1428 1871 1634 1925 adpresse
1657 1869 1782 1911 liii-tis

76 1931 271 1974 breviter
306 1932 519 1985 petiolatis
547 1932 639 1974 basi
674 1932 908 1974 attenuatis
945 1931 1139 1985 oblongis
1172 1931 1444 1983 acuminatis,
1474 1930 1603 1984 spicis
1634 1929 1783 1971 stricte

72 1991 335 2045 paniculatis
380 1991 656 2034 filiformibus
701 1990 962 2044 longissimis
1002 1991 1214 2034 laxissoris
1253 1990 1522 2041 nutantibus,
1561 1987 1782 2042 perigonio

77 2049 351 2104 glanduloso‚
377 2049 590 2093 ochreolis
613 2050 766 2093 ciliatis
799 2055 862 2100 Θ.
891 2050 939 2092 P.
968 2050 1104 2092 Doniz'
1129 2050 1276 2093 Meisn.
1308 2049 1450 2103 Polyg.
1480 2063 1516 2103 p.
1547 2049 1614 2090 722.

125 2125 224 2161 Hal).
244 2126 282 2161 in
302 2135 420 2171 regno
439 2125 630 2161 Cabulieo
649 2125 805 2170 (Gi-iffi).
833 2125 864 2160 E
883 2126 1033 2161 ditione
1054 2136 1134 2161 non
1155 2125 1248 2161 vidi.

125 2188 239 2224 Folia
270 2190 326 2224 eis
354 2188 400 2224 P.
417 2187 661 2236 hydropz'per
682 2189 808 2225 inulto
836 2189 993 2235 longius
1020 2190 1256 2233 acuminata,
1279 2188 1431 2225 ochreae
1450 2188 1609 2235 longius
1629 2187 1783 2233 ciliane,

79 2237 196 2282 spicae
217 2236 342 2272 multo
360 2236 569 2283 longiores,
589 2238 755 2273 achenia
773 2236 939 2272 dimidio
964 2238 1128 2272 minora.

125 2302 186 2337 Ar.
205 2301 336 2347 Geoqr.
368 2301 491 2337 India.

137 2414 174 2453 8.
211 2412 265 2455 P.
294 2413 495 2457 minus
523 2412 680 2468 (Huds.
715 2414 839 2468 Angl.
876 2413 905 2464 Ι,
937 2426 976 2467 p.
1011 2412 1114 2468 148)
1151 2426 1359 2464 annuum,
1387 2412 1583 2455 caulibus
1610 2411 1782 2453 diffusis

76 2472 145 2514 vel
172 2472 559 2524 procumbentibus
590 2473 794 2516 tenuibus
823 2473 1022 2523 ramosis,
1046 2473 1215 2515 oebreis
1250 2472 1460 2526 adpresse
1493 2471 1621 2513 hirtis
1660 2471 1784 2523 longe

75 2530 241 2582 ciliatiS,
271 2529 380 2574 foliis
415 2530 912 2574 lanceolam-linearibus
950 2544 1140 2586 superne
1175 2532 1336 2574 sensim
1373 2530 1622 2577 attenuatis,
1652 2530 1782 2582 spicis

77 2588 353 2633 filiforinibus
381 2590 488 2632 laxis
515 2591 832 2644 erectiusculis,
858 2591 1038 2634 floribus
1059 2591 1395 2634 subliexandris.
1425 2589 1648 2644 perigonio
1680 2601 1783 2642 pur-

79 2660 215 2702 pureo
247 2650 542 2702 eglanduloso,
572 2650 784 2693 oclireolis
813 2651 965 2693 ciliatis
993 2651 1056 2697 O.
1097 2651 1153 2692 Ic.
1193 2650 1313 2702 Engl.
1344 2649 1428 2690 bot.
1456 2650 1538 2690 tab.
1579 2648 1700 2688 1043.
1728 2671 1786 2678 --

77 2707 125 2750 P.
159 2707 373 2761 pusillum
413 2708 527 2750 Lam.
565 2709 625 2750 F'l.
664 2711 732 2752 Fr.
773 2710 845 2761 Ill,
878 2724 914 2764 p.
951 2711 1047 2751 235.
1086 2732 1136 2739 -
1170 2709 1211 2750 P.
1244 2708 1447 2750 strictum
1487 2707 1570 2749 All.
1599 2707 1700 2749 Ped.
1738 2706 1780 2757 ⁶2,

77 2778 116 2821 p.
144 2769 242 2818 ⁶207,
271 2768 351 2809 tab.
376 2770 444 2811 68.
477 2792 525 2799 ——
556 2770 603 2811 P.
632 2769 903 2811 serrulataecm
929 2769 1035 2810 11011.
1062 2769 1116 2822 pl.
1145 2780 1234 2811 exs.
1259 2779 1343 2810 non
1371 2766 1574 2810 Gussme.

125 2840 226 2876 Hab.
246 2841 285 2876 in
304 2842 452 2887 stagnis
471 2845 607 2878 aestate
624 2843 842 2888 exsiccatis,
862 2843 1040 2888 oryzetis,
1058 2842 1366 2877 Transeaucasia
1385 2841 1434 2877 ad
1451 2840 1640 2887 Caspium
1662 2850 1781 2887 prope

77 2885 283 2924 Lenkoran
304 2891 342 2924 et
360 2891 499 2924 Astara
521 2890 629 2934 (Hob
643 2892 667 2933 t)
687 2894 724 2925 et
744 2891 852 2936 prob.
875 2890 982 2925 alibi.

124 2952 184 2987 Ar.
205 2951 335 2997 Geoqr.
363 2951 521 2999 Europa
552 2953 681 2990 medin
714 2965 737 2989 a
762 2954 1027 2989 Scnndinuvizt
1053 2953 1102 2989 ad
1130 2953 1312 2988 Rossiam
1343 2952 1528 2998 mediam,
1559 2951 1780 2995 Lusitania,

78 2996 193 3034 Italia
212 2999 390 3045 borealis,
410 3002 519 3046 regio
539 3001 786 3044 Dunubialis,
808 3001 962 3047 Sibiria,
983 3001 1106 3046 India,
1127 3001 1308 3047 Japonia.
