2100 3262
299 189 371 227 896
946 201 1320 229 PHYTOLACCACEAE.
1802 196 1991 241 Gz‘esekia

298 272 390 327 peri
399 273 615 327 phericus.
647 273 804 317 Herbae
825 271 891 328 (in
915 273 1102 330 nostris)
1121 287 1277 319 annuae
1303 279 1546 329 prostratae,
1572 276 1667 319 solis
1690 277 1998 335 suboppositis‚

299 332 484 386 cymulis
511 332 831 386 oppositifoliis.
874 331 1024 376 Genus
1047 346 1165 376 nunc
1188 337 1369 389 propter
1394 335 1759 379 inflorescentiam
1783 351 1868 381 non
1892 354 2000 387 race-

297 390 861 504 giocfflatginilriiltiegtffi'coideas
885 391 979 448 (ubi
1001 392 1063 434 Fl.
1087 392 1252 436 Orient.
1277 394 1371 437 Vol.
1405 394 1461 447 ΙΙ,
1490 407 1531 449 p.
1558 395 1643 437 764
1670 396 1879 441 omissum
1905 400 2001 459 fuit)

362 564 396 604 1.
429 561 489 606 G.
529 561 1001 618 pharnaceoides
1045 563 1113 619 (L.
1152 564 1229 607 loc.
1268 564 1365 620 cit.)
1399 577 1541 608 annua
1579 566 1857 618 glaucescens
1897 571 2001 616 collo

297 633 468 665 ramosa
508 621 641 665 ramis
683 622 1070 677 procumbentibus
1116 622 1357 666 dichotome
1403 625 1601 673 ramosis,
1648 625 1760 668 foliis
1808 627 2000 674 breviter

296 680 515 735 petiolatis
544 681 747 736 ellipticis
772 681 838 724 vel
863 681 1327 737 elliptico-lanceolatis
1349 682 1531 734 obtusis,
1564 683 1699 738 cymis
1732 685 1783 727 ad
1811 686 1999 731 dichoto-

297 739 407 782 mias
434 743 477 782 et
502 741 808 785 terminalibus
833 741 945 784 foliis
967 741 1185 795 supremis
1207 741 1492 784 involucratis
1515 746 1558 786 et
1586 744 1803 796 superatis
1827 746 1998 790 subses—

297 797 452 843 silibus
477 800 718 844 laxiusculc
753 800 1050 853 10-‘20-ssoris‚
1075 800 1298 855 pedicellis
1330 800 1461 844 flores
1493 802 1682 845 minutos
1711 803 1874 846 virides
1900 805 1999 849 sub-

297 858 574 912 aequantibus
601 860 668 901 vel
704 858 988 912 longioribus.
1014 859 1224 914 perigonii
1259 859 1425 902 laciniis
1461 860 1600 904 ovatis
1636 863 1834 906 concavis
1865 865 2000 908 acutis

297 916 595 968 subenerviis‚
617 917 878 961 staminibus
900 918 1061 972 quinis,
1085 919 1288 972 carpellis
1306 920 1677 973 ovato-sphaerIcis
1699 921 2000 976 subcompres-

297 975 359 1019 sis
385 978 685 1020 verruculosis
716 981 781 1028 Ε).
810 977 865 1020 Ic.
903 976 1040 1020 Roxb.
1076 977 1132 1032 pl.
1166 977 1336 1021 Corom.
1378 978 1461 1021 tab.
1492 979 1589 1021 483.
1618 1004 1672 1010 —
1697 978 2001 1025 Pharnaceam

298 1035 516 1078 occultum
539 1036 690 1079 Forsk.
712 1037 788 1091 Eg.
818 1036 951 1080 Arab.
976 1049 1016 1091 p.
1046 1038 1114 1080 58.

344 1111 445 1147 Hah.
476 1113 517 1148 in
549 1113 725 1148 arenosis
753 1112 897 1160 Egypti
927 1113 995 1158 (ex
1017 1112 1319 1160 Schw.flBeit1·.)‚
1350 1113 1571 1160 Affghaniae
1602 1114 1648 1150 ad
1676 1114 1812 1152 Chuch
1833 1116 2001 1164 (Griffl),

295 1154 537 1195 Belutschiae
558 1159 760 1205 (Stocksl).

344 1224 406 1260 Ar.
421 1225 552 1270 Geoqr.
580 1224 801 1272 Senegalia,
820 1224 967 1271 Nubia‚
983 1225 1213 1272 Abyssinia,
1230 1226 1379 1262 Arabia
1397 1228 1562 1274 tropica,
1580 1227 1706 1274 India,
1725 1227 1765 1264 P.
1785 1228 1828 1265 Β.
1849 1232 1945 1277 spei.

609 1400 772 1450 om).
817 1400 1059 1450 xcvln.
1112 1401 1688 1451 CYNOCRAMBEAE.

389 1526 524 1582 (Necs
548 1526 655 1571 Gen.
683 1528 830 1572 Germ.
855 1528 955 1572 fasc.
982 1529 1021 1571 8.
1050 1553 1104 1559 --
1125 1528 1256 1583 Alph.
1279 1542 1361 1574 nc.
1390 1529 1545 1574 Prodr.
1574 1530 1711 1584 XVII,
1738 1544 1782 1586 p.
1810 1531 1900 1587 32.)

355 1654 504 1700 Flores
550 1658 745 1702 monoici.
786 1659 923 1701 Maso.
966 1659 1245 1711 Perigonium
1285 1658 1539 1712 bipartitum
1580 1659 1731 1702 lacinia
1773 1660 1913 1702 antica
1955 1665 1997 1704 et

295 1716 472 1770 postica.
493 1717 683 1760 Stamina
714 1719 832 1766 8-20,
862 1718 930 1760 vel
960 1718 1176 1773 pauciora,
1198 1718 1284 1761 imo
1314 1718 1446 1772 calyci
1474 1719 1650 1761 inserta.
1679 1719 1791 1761 Fam.
1819 1719 1991 1773 Perigo-

296 1774 418 1818 nium
437 1776 1067 1821 tubuloso-infundibuliforme
1090 1777 1239 1821 ovario
1255 1778 1460 1820 adnutum
1480 1777 1608 1820 limbo
1627 1789 1788 1832 supero
1812 1778 1994 1822 clavato*

294 1835 515 1878 urceolato
549 1837 575 1877 4
609 1837 675 1878 vel
719 1837 868 1880 2·lobo
907 1849 1004 1880 mox
1046 1837 1221 1880 caduco.
1256 1836 1467 1880 Ovarium
1502 1837 1686 1880 inferum
1726 1837 1994 1880 uniloculare

294 1893 435 1937 eutice
453 1898 625 1938 tumens
642 1898 684 1938 ct
697 1896 1011 1951 subglobosum
1029 1895 1145 1939 unde
1160 1895 1430 1950 perigonium
1451 1895 1640 1939 laterale.
1657 1895 1805 1949 Stylus
1821 1896 1995 1939 lineari-

295 1952 582 1996 clavaeformis
621 1956 813 1999 lateralis
845 1968 897 1998 ex
929 1955 1078 1999 ovario
1105 1956 1334 1998 tumefacto
1367 1955 1456 1997 fere
1483 1954 1772 2010 gynobasicus
1804 1969 1827 1998 a
1853 1955 1994 1997 medio

296 2011 556 2066 papillosus,
583 2014 762 2057 ovuluni
793 2014 967 2058 unicum
994 2015 1182 2057 basilare
1210 2014 1596 2069 campylotropum.
1628 2013 1816 2057 Fructus
1844 2026 1994 2057 recens

295 2069 593 2115 subcernosus
620 2073 793 2115 tandem
825 2075 965 2117 siccus
1002 2073 1225 2116 nucularis
1253 2072 1543 2116 indehiscens.
1580 2072 1735 2116 Semen
1769 2073 1994 2127 globosum

293 2130 406 2174 testa
429 2134 594 2183 tenera,
618 2132 797 2185 embryo
821 2132 1155 2188 hippocrepicus
1176 2132 1394 2175 verticalis
1419 2132 1462 2175 in
1487 2132 1555 2175 axi
1586 2132 1818 2174 albuminis
1844 2131 1994 2174 farina-

294 2187 370 2231 cei.
397 2214 449 2220 —
478 2190 624 2234 Herba
654 2193 803 2234 tenera
836 2192 1054 2246 stipulata.
1078 2216 1135 2221 —
1157 2191 1357 2235 Affinitas
1384 2191 1561 2235 Ordinis
1599 2191 1839 2245 multiplex,
1868 2191 1992 2233 facies

294 2250 337 2292 et
371 2247 643 2293 characteres
678 2251 830 2305 plures
867 2250 1201 2304 Spinaciearum
1234 2251 1348 2294 inter
1373 2249 1654 2309 Salsolaceasj,
1684 2250 1760 2292 sed
1794 2249 1990 2293 ovarium

292 2307 467 2350 omnino
507 2309 708 2360 inferum,
746 2310 844 2352 folia
889 2310 1109 2364 stipulata,
1147 2314 1257 2363 etc.;
1293 2309 1346 2353 ab
1388 2308 1642 2351 Urticaccis‘
1663 2309 1811 2352 differt
1847 2308 1995 2351 ovario

295 2364 450 2414 infero.
477 2369 589 2421 stylo
616 2369 820 2414 indiviso.
847 2382 869 2411 a
889 2368 1240 2421 Tetraqoniaceis
1266 2368 1394 2413 ovulo
1413 2371 1572 2421 erec-to,
1588 2371 1668 2411 etc.
1699 2368 1763 2411 Ex
1789 2367 1839 2410 cl.
1869 2367 1992 2421 Alph.

293 2437 378 2469 ας.
406 2425 757 2470 Salsolacearum
780 2428 937 2472 tribus.

459 2581 792 2631 cl'NocRAMlffl
827 2582 979 2643 (Diosc.
1009 2610 1067 2617 —
1094 2582 1290 2631 Tourncs.
1324 2583 1417 2632 Cor.
1449 2597 1488 2644 p.
1523 2581 1593 2641 52,
1619 2581 1701 2630 tab.
1728 2581 1827 2629 ⁴85.

738 2676 801 2682 —
840 2647 1162 2711 Theliyonum
1190 2646 1242 2695 L.
1269 2647 1389 2696 Gen.
1416 2647 1547 2709 864).

354 2769 586 2813 Character
623 2770 813 2813 Ordinis.
854 2771 986 2814 Maso.
1024 2770 1242 2825 Perigonii
1281 2771 1445 2815 laciuiae
1481 2770 1751 2813 aestivatione
1787 2770 1990 2814 valvatim

292 2828 474 2873 admoiae
501 2829 599 2872 dein
623 2830 849 2873 revolutae.
873 2830 1116 2874 Staminum
1133 2830 1352 2873 filamenta
1372 2830 1563 2874 tenuiter
1580 2828 1822 2883 capillacea,
1842 2830 1989 2873 anthe-

291 2898 353 2930 rae
387 2888 512 2942 longe
546 2891 589 2931 et
622 2892 804 2941 anguste
842 2890 1031 2933 lineares
1067 2889 1327 2932 biloculares
1356 2889 1599 2932 versatiles.
1635 2887 1747 2930 Fem.
1773 2887 1987 2942 Perigonii

291 2943 452 2990 limbus
479 2948 694 3002 hyalinus.
723 2947 932 2993 Ovarium
963 2948 1159 2992 breviter
1189 2948 1445 3003 stipitatum.
1480 2946 1629 3002 Stylus
1659 2949 1759 3002 post
1788 2947 1986 2992 anthesin
