2080 3241
103 185 373 223 convolvulus.
772 194 954 221 couvom·
962 195 1139 221 ULACEAE.
1738 185 1809 221 109

761 364 852 399 San.
908 365 949 399 B⁴
1006 374 1140 400 Auum.

788 496 812 547 ξ
846 496 884 537 9.
918 493 1110 538 Siculi.

157 626 223 666 61.
255 623 306 667 C.
340 622 679 666 Patmensis
708 622 816 676 (Kze
841 621 968 663 Flora
993 623 1118 664 1840.
1146 622 1175 673 Ι,
1202 635 1239 675 p.
1274 624 1366 671 172)
1396 623 1563 667 viridis.
1587 623 1668 666 sub
1691 624 1804 665 lente

98 684 263 726 minute
297 682 539 737 puberulus
576 680 643 724 vel
671 681 911 734 glabratus,
936 681 1078 723 radice
1107 681 1457 730 tenui,caulibus
1487 678 1659 725 diffusis
1686 683 1803 725 elon-

98 743 206 796 gatis
235 742 441 785 tenuibus
467 740 689 787 flexuosis,
714 739 826 781 foliis
856 740 1027 793 petiolis
1054 740 1096 782 in
1124 741 1406 783 inferioribus
1435 743 1690 795 {cquilongis
1718 743 1806 784 sus-

98 801 215 844 sultis
233 799 627 853 cordato-oblongis
645 798 813 842 obtusis
842 799 922 841 late
946 799 1229 843 obtusissime
1251 804 1290 842 et
1317 800 1591 854 inaequaliter
1610 802 1805 843 dentato-

99 861 271 903 lobalis.
314 859 573 915 pedunculis
611 858 866 901 axillaribus
907 859 1127 901 ⁰2-1-sso1·is
1166 859 1376 913 petiolum
1418 860 1693 914 aequantibus
1736 861 1800 902 vel

98 919 388 969 brevioribus,
420 918 629 973 pedicello
663 917 807 971 calyce
842 918 1130 961 subbreviore
1167 918 1346 960 tandum
1383 930 1583 967 recurvo,
1618 920 1804 962 bracteis

96 978 284 1021 minimis
311 978 506 1029 setaceis,
532 976 692 1032 sepalis
712 976 850 1020 ovatis
868 976 1165 1019 obtusissimis
1190 977 1384 1029 margine
1403 979 1623 1020 scariosis.
1642 979 1804 1021 corolla

96 1040 231 1091 parva
251 1037 397 1091 glabra
420 1037 563 1091 calyce
588 1036 806 1090 subduplo
833 1036 1041 1090 longiore,
1070 1036 1311 1079 seminibus
1340 1037 1521 1079 laevibns
1550 1042 1613 1088 O.
1639 1040 1679 1080 (J.
1704 1038 1803 1079 leas-

96 1100 212 1138 tacaecs
240 1096 354 1138 Sieb.
383 1108 470 1139 exs.
498 1121 552 1126 —
576 1094 613 1138 C.
642 1094 936 1149 amble'ocalyx
964 1095 1111 1138 Steud.

143 1170 242 1206 Hal).
265 1170 312 1206 ad
332 1170 529 1216 margines
551 1179 736 1215 agrotum
758 1169 918 1216 AEgypti
939 1168 987 1204 ad
1009 1168 1181 1205 Saovieh
1204 1169 1359 1215 (Stobi),
1377 1170 1426 1206 ad
1446 1170 1657 1207 Cboubrah
1682 1170 1802 1215 (Hus-

95 1228 164 1254 son
175 1221 210 1262 l),
229 1217 279 1253 ad
299 1217 430 1253 Esneh
449 1216 638 1261 (Kmtikt)

141 1281 283 1317 Caules
302 1281 505 1317 filisoi·mes
521 1291 623 1328 saepe
641 1281 846 1328 bipedales
863 1284 897 1317 et
914 1281 1124 1327 longi01·eS‚
1144 1281 1238 1318 folia
1259 1283 1407 1328 majora
1423 1282 1638 1329 pollicaria,
1654 1283 1801 1319 corolla

95 1339 215 1375 parva
236 1330 256 1364 4
275 1328 400 1365 lineas
419 1329 547 1374 longa.

142 1393 199 1428 Ar.
222 1392 354 1438 Geoqr.
375 1392 522 1427 Arabia
540 1393 699 1439 tropica,
718 1392 878 1439 Alge1·ia
897 1392 936 1428 in
956 1391 1104 1428 ditione
1122 1392 1345 1430 Saharensi.

153 1512 224 1553 6⁶2.
264 1511 316 1555 C.
352 1508 784 1564 Caelesyriacus
818 1509 980 1564 (Boiss.
1011 1509 1164 1564 Diagn.
1192 1509 1286 1553 Ser.
1317 1511 1348 1555 1.
1375 1512 1442 1555 11,
1468 1525 1507 1566 p.
1531 1511 1606 1567 85)
1644 1512 1799 1555 viridis

92 1569 369 1623 glabrescens
399 1568 465 1611 vel
494 1568 577 1611 sub
605 1568 721 1611 lente
750 1580 878 1622 parce
904 1568 1111 1625 hirtulus,
1143 1570 1338 1613 caulibus
1367 1571 1730 1615 decumbentibus
1759 1574 1802 1614 ct

93 1628 427 1684 ascendentibus
449 1627 655 1670 tenuibus
681 1628 1047 1677 subvolubilibuS,
1071 1629 1182 1672 foliis
1208 1630 1491 1673 inferioribus
1516 1631 1641 1685 longe
1666 1633 1800 1686 petio-

93 1688 190 1730 latis
217 1686 725 1731 cordato-renit'ormibus
751 1687 1048 1730 obtusissimis
1072 1688 1232 1731 indivis
1261 1690 1568 1744 subrepandis.
1593 1692 1800 1733 interme-

95 1747 174 1790 diis
213 1746 520 1802 quinquelobis
559 1747 625 1789 vel
669 1747 841 1800 partitis
886 1747 1051 1789 laciniis
1090 1749 1540 1802 oblongo-linearibus
1581 1749 1800 1793 terminali

92 1807 300 1861 elongata.
343 1806 526 1849 summis
568 1805 736 1848 trilobis
780 1807 850 1849 vel
894 1810 1076 1860 anguste
1119 1808 1494 1859 lineari-hastatis,
1539 1810 1800 1864 pedunculis

91 1866 344 1909 axillaribus
366 1865 563 1908 unissoris
584 1865 682 1908 folio
700 1864 991 1918 brevioribus,
1010 1866 1217 1920 pedicello
1237 1867 1380 1922 calyce
1399 1871 1440 1910 et
1454 1869 1615 1922 saepius
1633 1870 1801 1924 pedun-

93 1926 186 1967 culo
206 1926 300 1981 ipso
325 1924 518 1978 longiore
538 1924 759 1967 fructifero
778 1925 1019 1968 incrassato
1039 1928 1080 1968 et
1103 1938 1305 1974 recurvo.
1325 1927 1486 1982 sepalis
1506 1929 1653 1982 patule
1672 1929 1798 1971 bii-tis

91 1982 286 2027 obovatis
309 1984 477 2026 obtusis
496 1984 681 2038 abrupte
705 1987 746 2026 et
775 1983 897 2038 longe
920 1986 1201 2035 mucronatis‚
1220 1985 1378 2028 corolla
1402 1988 1528 2029 rosea
1546 1987 1595 2029 ad
1617 1989 1797 2041 angulos

89 2046 217 2086 extus
245 2043 409 2097 pubera
437 2043 579 2097 calyce
608 2042 739 2097 triplo
768 2043 980 2097 longiore,
1010 2046 1186 2098 capsula
1212 2045 1379 2099 glabra,
1410 2046 1650 2090 seminibus
1681 2048 1798 2089 laevi-

91 2101 174 2144 bus
204 2107 268 2154 O.
299 2102 339 2145 C.
369 2101 700 2155 liele-rophyllus
728 2101 916 2145 Ebrenb.
946 2103 1050 2146 Mss.

138 2176 238 2212 Hah.
257 2176 298 2211 in
317 2176 529 2222 Czelesyria
550 2175 652 2211 inter
671 2175 858 2222 Hasheya
884 2178 920 2212 et
937 2176 1145 2223 Rascheya
1164 2177 1345 2222 (Boissl),
1363 2179 1403 2214 in
1423 2178 1538 2214 cultis
1559 2182 1592 2215 et
1613 2182 1795 2227 rupestri-

90 2223 164 2259 bns
187 2233 304 2271 prope
323 2223 509 2259 Sidonem
530 2223 699 2268 >Gaillt)‚
719 2223 869 2271 Tripoli
889 2223 1000 2269 (Bu),
1018 2224 1067 2260 ad
1089 2225 1263 2261 Arissam
1283 2225 1509 2270 (Ebrenbw.

136 2287 271 2322 Affinis
295 2286 335 2323 C.
358 2286 572 2329 Fatmenez',
601 2286 748 2323 corolla
778 2288 903 2334 major
922 2288 943 2321 7
965 2287 1088 2324 lineas
1109 2288 1241 2334 longa,
1263 2290 1397 2336 sepala
1425 2291 1542 2336 longe
1568 2294 1797 2326 mucronata

89 2343 160 2414 pec
177 2334 332 2377 mutica,
353 2334 521 2380 insignis
539 2334 700 2380 insuper
726 2334 830 2371 foliis
857 2334 1107 2371 inferioribus
1134 2341 1173 2371 et
1199 2337 1467 2383 superioribus
1489 2338 1606 2373 valde
1625 2339 1795 2373 dissimi-

105 2391 203 2416 mus.

149 2495 214 2536 63.
254 2493 306 2537 C.
340 2493 575 2539 Siculus
603 2496 669 2551 (L.
700 2495 773 2551 Sp.
803 2497 909 2552 223)
938 2498 1097 2552 pallide
1122 2499 1269 2541 virens
1290 2499 1388 2553 plus
1416 2501 1618 2543 minusve
1636 2501 1797 2556 pubes-

89 2553 380 2597 centi-birtus.
416 2554 612 2598 caulibus
646 2556 1037 2609 procumbentibus
1072 2557 1139 2600 vel
1179 2559 1337 2601 erectis
1371 2559 1642 2613 simplicibus
1679 2573 1796 2616 szepc

90 2611 297 2665 elongatis
336 2613 571 2661 flexuosis,
610 2614 721 2657 soliis
762 2615 978 2670 petiolatis
1019 2617 1358 2660 cordato-ovatis
1396 2619 1535 2660 acutis
1575 2621 1796 2673 supremis

89 2669 285 2725 oblongis
309 2671 400 2714 basi
425 2674 633 2717 cuneatis.
662 2674 918 2727 pedunculis
941 2676 1196 2718 axillaribus
1226 2677 1434 2719 solitariis
1464 2678 1663 2721 nnil‘loris
1688 2680 1795 2721 flore

87 2729 441 2784 sublongioribus
479 2732 576 2775 folio
615 2732 894 2776 brevioribus
934 2735 1016 2777 sub
1047 2736 1152 2777 flore
1194 2736 1380 2778 bracteis
1408 2736 1520 2778 binis
1548 2737 1796 2781 lanceolatis

89 2788 274 2842 calycem
313 2790 589 2843 aequantibus
630 2792 695 2834 vel
742 2794 1057 2846 superantibus
1100 2794 1251 2838 obsitis
1295 2796 1534 2839 fructiferis
1576 2797 1792 2848 recurvis,

89 2847 248 2899 sepalis
272 2849 425 2891 ciliatis
449 2850 651 2904 ellipticis
675 2853 1075 2906 attenuato-acutis,
1099 2853 1258 2896 corolla
1285 2855 1428 2909 calyce
1456 2855 1527 2896 vix
1549 2855 1680 2910 duplo
1707 2856 1797 2898 lon—

89 2905 206 2957 giore
234 2907 363 2950 limbo
386 2919 546 2961 cyaneo
567 2914 695 2953 extus
710 2910 899 2953 lineatim
920 2912 1033 2954 liirto
1055 2914 1268 2966 profunde
1288 2915 1598 2968 quinquelobo‚
1617 2916 1794 2970 capsula

87 2963 237 3015 glabra
266 2970 330 3017 (ξ).
354 2967 408 3009 Ic.
438 2966 496 3009 Fl.
525 2967 660 3012 Graec.
691 2969 775 3012 tab.
809 2972 899 3014 196.
