2100 3262
311 230 384 268 352
964 245 1380 273 SCROPHULARIACEAE.
1889 235 2028 283 Celsia³

314 314 493 360 margine
512 316 754 368 concentrice
773 316 1072 354 luteo-fasciatis
1087 318 1258 365 elegans.
1288 319 1425 354 Genus
1442 317 1590 355 Jantlze
1606 328 1627 354 a
1648 315 1772 355 Celszot
1797 319 2038 356 staminibus

313 363 477 408 posticis
494 366 646 398 minute
665 363 916 400 antheriferis
936 375 1016 400 non
1038 368 1099 402 sat
1117 366 1257 402 differt.

374 463 411 503 4.
449 461 507 504 C.
537 462 785 508 Pontica
819 465 980 510 (Boiss.
1017 466 1060 507 ,in
1089 465 1237 508 Tchih.
1267 466 1343 508 As.
1371 465 1470 508 Min.
1503 465 1555 516 II,
1581 478 1621 519 p.
1650 463 1727 520 11)
1753 465 1941 516 biennis,
1970 481 2035 522 pa-

311 521 430 576 pillis
455 533 570 575 saepe
607 523 764 576 crispis
803 525 970 567 hirsuta
1011 537 1205 579 superne
1239 526 1423 579 iusuper
1458 524 1730 578 glandulosa,
1763 525 1885 568 caule
1906 528 2032 570 tereti

312 581 425 639 elato
463 581 616 623 folioso
641 582 681 623 in
708 596 929 627 racemum
955 584 1125 627 tandem
1153 584 1454 638 longissimum
1479 583 1680 633 abeunte,
1703 584 1819 627 foliis
1842 587 2036 629 tenuiter

312 639 659 684 membranaceis
688 642 907 686 viridibus
936 643 1220 687 inferioribus
1244 643 1400 697 amplis
1426 641 1624 696 oblongis
1647 643 1818 686 obtusis
1843 644 2034 688 cordatis

314 700 530 753 petiolatis
556 701 638 743 late
666 706 707 742 ct
736 702 891 745 obtuse
917 703 1120 752 crematis,
1148 703 1456 758 superioribus
1477 703 1603 744 valde
1630 702 1858 745 diminutis
1882 708 2030 746 ovato-

312 759 512 807 oblongis
539 761 1134 816 cordato-amplexicaulibus
1162 763 1300 806 acutis
1325 764 1389 805 vel
1420 762 1694 814 acuminatis,
1717 761 1903 804 floribus
1929 763 2036 805 sub-

313 817 545 861 sessilibus
581 820 788 864 solitariis
825 822 952 875 longe
985 826 1027 864 et
1060 821 1342 866 densiuscule
1374 821 1611 864 racemosis
1651 821 1838 864 bracteis
1875 835 1898 864 a
1943 823 2033 865 basi

313 877 571 931 triangulari
597 880 855 924 acuminatis
881 881 1025 934 calyce
1050 880 1324 934 longioribus
1348 880 1562 927 suffultis,
1592 881 1737 934 calyce
1767 881 1890 922 valde
1918 882 2033 935 glan-

313 935 611 980 duloso-hirto
645 939 688 988 (3
726 938 775 992 ¹l2
805 940 879 982 lin.
907 941 1057 995 longo)
1091 941 1133 983 in
1163 941 1339 984 lacinias
1366 939 1581 994 ellipticas
1606 939 1786 983 obtusas
1816 941 2034 993 profunde

314 996 489 1048 partito,
534 998 695 1040 corolla
739 1001 853 1041 lutea
893 1004 1021 1043 extus
1064 1000 1279 1054 puberula
1317 1001 1493 1043 tandem
1538 1000 1757 1053 glabrata,
1798 999 2033 1042 filamentis

312 1054 483 1099 duobus
505 1057 778 1109 longioribus
801 1058 891 1101 basi
914 1062 1094 1113 excepta
1112 1059 1277 1112 glabris
1296 1059 1493 1102 authoris
1513 1059 1637 1112 longe
1659 1059 1845 1104 adnatis,
1862 1059 2034 1102 caeteris

311 1115 756 1169 purpureo-barbatis
782 1119 979 1161 antheris
1011 1118 1338 1167 reniformibus,
1375 1118 1551 1172 capsula
1584 1120 1740 1172 magna
1775 1120 1903 1162 ovata
1932 1130 2032 1161 acu—

310 1173 501 1216 tiuscula
525 1180 785 1220 mucronata
812 1178 924 1221 turta
948 1179 1092 1233 calyce
1122 1178 1405 1232 sublongiore
1430 1178 1507 1232 Q).

360 1252 461 1336 Ηεὸἱέ)
480 1254 518 1327 in
540 1253 665 1290 Ponto
694 1255 744 1291 ad
774 1256 978 1292 meridiem
999 1256 1109 1292 urbis
1133 1255 1302 1292 Samsun
1323 1255 1470 1301 (Tchih
1484 1258 1523 1302 ἔ),
1548 1255 1736 1292 Armenia
1754 1255 1919 1292 Turcica
1939 1255 2032 1301 (Ky.

309 1309 389 1335 exs.
434 1302 527 1346 ιδ.)

356 1364 500 1402 Planta
532 1366 808 1413 pluripedaliS,
842 1368 1026 1404 foliorum
1065 1369 1296 1404 inferiorum
1337 1368 1488 1404 lamina
1518 1367 1813 1414 6·9-pollicaris,
1851 1378 2032 1403 racemus

309 1411 483 1450 fructifer
501 1415 565 1450 1-2
584 1416 749 1462 pedalis.
770 1416 932 1462 capsula
951 1417 1035 1462 piso
1056 1417 1192 1462 major.
1219 1416 1374 1463 Species
1391 1419 1533 1463 praeter
1550 1416 1645 1451 folia
1665 1415 1853 1451 inferiora
1870 1415 2030 1451 cordata

308 1459 447 1496 obtuse
469 1468 627 1499 crenata
645 1474 715 1500 nec
737 1464 823 1499 basi
846 1463 1165 1499 dentato—lobata
1189 1466 1228 1499 et
1255 1465 1470 1507 attenuata,
1495 1463 1666 1499 stamina
1690 1464 1714 1499 4
1742 1473 1812 1498 nec
1840 1463 1863 1498 5
1888 1465 1925 1497 et
1945 1463 2030 1498 tila-

308 1510 440 1543 menta
469 1509 650 1556 longiora
679 1512 786 1547 nuda
826 1510 1012 1548 Vel-hasco
1044 1521 1311 1559 macrocarpo
1342 1511 1544 1547 simillima
1579 1514 1617 1546 et
1647 1520 1836 1556 generum
1862 1510 2028 1546 nimiam

308 1554 541 1592 affinitatem
565 1558 852 1595 demonstrans.

366 1655 406 1696 5.
444 1655 497 1699 C.
532 1658 765 1702 Cretica
799 1658 876 1713 (L.
910 1659 968 1701 til.
998 1658 1152 1712 Suppl.
1191 1671 1231 1713 p„
1259 1655 1360 1709 281)
1389 1657 1577 1704 biennis,
1616 1656 2024 1712 pubescenti-hirta,

305 1716 428 1758 caule
462 1727 609 1760 crasso
645 1718 830 1772 simplici
862 1719 1016 1762 crebre
1051 1718 1195 1762 foliato
1235 1717 1277 1759 in
1317 1728 1536 1759 racemum
1572 1716 1857 1759 densissorum
1903 1716 2027 1769 longe

306 1773 574 1818 bracteatum
599 1777 905 1830 glandulosum
929 1778 1132 1826 abeunte,
1161 1776 1275 1819 foliis
1299 1776 1580 1819 inferioribus
1606 1776 1824 1831 petiolatis
1860 1776 2025 1828 lyrato-

307 1833 606 1886 pinnatiscctis
632 1837 698 1878 vel
734 1837 935 1880 indivisis
965 1838 1105 1880 ovatis
1140 1837 1209 1879 vel
1247 1836 1446 1889 oblongis
1484 1835 1725 1879 sublobatis
1752 1838 1794 1878 et
1817 1834 2024 1885 dentatis,

306 1894 612 1948 superioribus
648 1896 811 1939 sensim
847 1897 1073 1939 diminutis
1115 1895 1567 1939 cordato-auriculatis
1603 1895 1799 1949 oblongis
1838 1894 2026 1937 dentatis

304 1953 578 2009 acuminatis,
607 1955 793 1998 floribus
821 1955 1153 2005 subsessilibus,
1177 1955 1364 1999 bracteis
1388 1955 1640 1998 lanceolatis
1662 1953 2025 1998 caudato-acumi-

306 2012 417 2054 natis
441 2014 610 2068 calyces
633 2016 962 2068 superantibus.
990 2016 1133 2070 calyce
1162 2017 1244 2058 lato
1271 2014 1382 2070 (fere
1401 2015 1426 2056 6
1447 2014 1584 2057 lineas
1604 2013 1752 2068 longo)
1774 2014 1818 2056 in
1848 2013 2024 2055 lacinias

303 2069 502 2115 soliaceas
531 2078 737 2118 ,serratas
778 2075 1135 2128 ovato-oblongas
1176 2075 1451 2128 inaequilatas
1496 2074 1667 2128 partito,
1706 2074 1868 2116 corolla
1910 2073 2024 2115 flava

305 2134 767 2185 purpureo-maculata
795 2135 953 2188 ampla,
982 2134 1216 2177 litamentis
1243 2133 1651 2176 violaceo-barbatis
1677 2133 1873 2175 antheris
1911 2131 2024 2175 binis

303 2189 430 2244 longe
465 2192 652 2243 adnatis,
684 2193 862 2247 capsula
895 2196 1049 2246 magna
1085 2194 1264 2247 globosa
1301 2193 1446 2246 calyce
1476 2191 1770 2247 breviore..
1805 2193 1860 2235 Ic.
1900 2191 2022 2247 Jacq.

303 2245 499 2292 Scltaenb.
537 2251 620 2294 tab.
647 2254 743 2294 480.
771 2278 824 2282 —
853 2252 945 2295 But.
978 2254 1087 2306 Mag.
1126 2253 1209 2295 tab.
1246 2254 1342 2296 964.
1380 2251 1499 2294 Verb.
1529 2251 1727 2305 lyratmn
1764 2251 1881 2293 Lam.
1910 2251 2024 2293 Dict,

301 2305 370 2354 IV,
394 2322 437 2363 p.
468 2311 551 2352 223
581 2324 666 2354 non
690 2311 772 2354 buc
800 2312 876 2354 sed
902 2313 955 2355 ad
983 2312 1024 2355 C.
1051 2311 1334 2356 Cavmzz‘llcsii
1361 2314 1527 2366 spectat

347 2383 449 2420 Hah.
468 2385 508 2420 in
529 2385 644 2421 Creta
662 2387 728 2429 [ex
746 2386 914 2422 frustulo
932 2387 972 2421 -in
994 2397 1066 2423 nc.
1088 2386 1196 2422 herb.
1216 2386 1287 2423 sed
1306 2397 1329 2422 a
1349 2385 1632 2422 recentiombus
1651 2385 1708 2421 ibi
1722 2395 1801 2421 non
1817 2385 1947 2430 lecta).

349 2451 408 2485 Ar.
429 2451 563 2496 Geoqr.
591 2451 784 2498 Hispania
803 2452 999 2496 australis,
1019 2451 1213 2497 Sardinia,
1232 2451 1377 2496 Sicilia,
1395 2451 1510 2487 Italia
1528 2450 1725 2486 australis.

361 2553 401 2595 6.
432 2552 487 2594 C.
513 2550 812 2596 Arcturus
833 2552 898 2608 (L.
925 2552 997 2608 Sp.
1022 2566 1112 2607 pag.
1141 2553 1227 2595 254
1250 2554 1333 2595 sub
1361 2552 1593 2607 Vcrbasco)
1615 2553 1840 2608 perennis,
1860 2552 2031 2595 inferne

300 2612 397 2654 laxe
418 2611 576 2655 lanata.
604 2612 802 2655 caulibus
827 2624 850 2654 e
883 2613 1119 2655 rhizomate
1142 2612 1348 2656 indurato
1380 2612 1472 2655 basi
1506 2613 1659 2655 crebre
1693 2612 1849 2655 foliatis
1876 2613 1959 2654 cito
1983 2613 2026 2654 in

299 2682 521 2713 racemum
570 2672 744 2725 longum
796 2672 939 2714 laxum
990 2684 1117 2725 parce
1156 2671 1684 2726 stipitato—glandulosum
1729 2671 2019 2720 abeuntibus,

297 2730 411 2773 foliis
434 2731 638 2773 omnibus
659 2731 841 2774 alternis
869 2731 1026 2775 subtus
1048 2731 1382 2774 canescentibus
1408 2732 1475 2774 vel
1508 2732 1627 2774 canis
1661 2731 1857 2774 breviter
1883 2731 2021 2784 pet-io-

300 2789 396 2832 latis
438 2790 589 2843 lyr-atis
624 2791 862 2843 segmentis
899 2791 1153 2833 lateralibus
1188 2790 1396 2844 utrinque
1436 2792 1510 2833 1-2
1547 2790 1740 2833 minimis
1775 2790 1915 2833 ovatis
1952 2803 2022 2843 ap-

300 2849 555 2901 proximatis
581 2849 799 2893 terminali
826 2851 1015 2892 maximo
1041 2850 1226 2903 oblongo
1250 2849 1405 2893 obtuso
1429 2850 1587 2894 obt-use
1616 2850 1700 2892 late
1723 2854 1767 2892 et
1789 2848 2018 2902 subdupli-

298 2909 423 2950 catim
454 2912 644 2957 crenato,
667 2908 840 2963 petiolis
864 2910 955 2952 basi
984 2909 1273 2955 subdilatatis,
1299 2909 1413 2951 foliis
1439 2910 1624 2953 caulinis
1646 2909 1794 2963 paucis
1818 2907 2019 2960 oblongis

300 2967 481 3009 minutis
507 2968 1026 3022 semiamplexicaulibus,
1050 2969 1210 3011 racemi
1238 2968 1462 3023 pedicellis
1498 2968 1780 3012 filiformibus
1821 2967 2018 3020 longissi-

299 3026 381 3068 mis
409 3027 752 3070 borizoutalibus
778 3028 868 3070 basi
894 3029 1069 3070 bractea
1088 3028 1345 3082 triangulari
1365 3028 1610 3071 acuminata
1630 3028 1723 3070 basi
1751 3026 2016 3069 denticulata
