2100 3262
259 224 350 263 1154
966 233 1201 260 URTICACEAE
1816 222 1943 259 Ficus.

263 308 427 351 muloso
452 305 609 347 hiantis
637 305 803 346 inserti.
837 303 969 347 Maso.
1004 305 1276 359 Perigonium
1305 306 1610 358 3-5-sepalum.
1652 303 1841 346 Stamina
1867 305 1942 347 3-6

261 366 490 409 filamentis
516 364 834 417 praefloratione
860 365 998 407 rectis.
1026 364 1138 406 ch.
1161 363 1433 416 Perigonium
1459 363 1801 416 quinquefidum.
1833 363 1944 405 Ova-

261 425 371 467 rium
408 424 684 471 uniloculare‚
709 423 850 475 stylus
879 423 1078 473 lateralis,
1104 423 1298 475 stigmata
1323 421 1420 463 bina
1449 422 1511 463 vel
1540 423 1726 464 unicum.
1757 421 1941 464 Fructus

260 482 529 536 receptaculo
555 485 679 523 aucto
706 493 886 524 carnoso
912 482 1196 534 utriculisque
1224 481 1411 522 minimis
1430 481 1664 523 crustaceis
1690 492 1943 534 monosper-

255 542 343 585 mis
385 545 599 583 constans.
645 538 831 581 Seminis
869 544 977 583 testa
1019 539 1352 581 membranacea.
1393 538 1580 593 Embryo
1628 540 1850 582 incurvus.
1885 562 1945 572 -·-

258 599 452 642 Arbores
480 598 677 641 lactissuae
700 598 812 641 foliis
838 599 1032 641 alternis.

323 713 358 753 1.
392 711 446 753 F.
478 711 683 754 Carica
713 710 781 764 (L.
812 710 882 763 Sp.
910 709 1040 762 1513)
1067 709 1245 751 arborea
1272 709 1338 750 vel
1365 709 1583 755 fruticosa,
1612 709 1723 751 foliis
1750 709 1943 753 deciduis

259 781 390 822 supra
419 769 583 811 scabris
611 769 766 812 subtus
796 768 1128 822 pubescentibus
1152 768 1216 809 vel
1242 768 1448 810 velutinis
1469 767 1607 810 ovatis
1638 768 1727 810 basi
1754 769 1940 811 cordatis

256 828 483 879 -3-5-lobis,
509 828 727 880 repandis,
748 827 890 870 rarius
914 827 1129 873 indivisis,
1153 827 1433 880 receptaculis
1454 827 1504 869 ad
1532 839 1674 868 ramos
1691 826 1942 870 hornotinus

259 886 466 930 solitariis
506 886 758 929 axillaribus
794 887 857 928 vel
898 897 1029 938 supra
1072 885 1223 927 axillas
1262 886 1368 927 ortis
1408 885 1601 928 breviter
1642 886 1942 938 pedunculatis

260 946 571 998 pyril'ormihus
606 946 669 987 vel
710 945 896 997 globosis
929 944 969 985 in
1006 944 1195 996 stipitem
1233 944 1296 986 eis
1330 944 1573 986 breviorem
1610 945 1843 987 attenuatis
1876 945 1943 986 vel

259 1005 491 1059 estipitatis
529 1011 563 1052 5.
604 1005 777 1057 Species
815 1017 866 1046 ex
908 1003 957 1049 cl.
1000 1003 1301 1046 Hausskneclit
1341 1002 1718 1046 observationibus
1759 1004 1799 1044 in
1840 1003 1942 1046 locis

258 1064 474 1105 natalibus
497 1063 620 1105 valde
645 1062 861 1105 variabilis
880 1065 921 1104 et
939 1063 1061 1115 quus
1087 1061 1245 1103 formas
1270 1062 1402 1115 magis
1421 1062 1631 1104 notabiles
1654 1073 1878 1105 enumero.

319 1159 361 1182 α.
380 1138 588 1188 amacina.
610 1163 667 1168 -κ
691 1138 804 1180 Folia
830 1137 1064 1191 majuscula
1087 1137 1275 1179 3·5-loba
1301 1137 1443 1180 rarius
1463 1137 1661 1189 indivisa,
1684 1138 1943 1191 receptaculi

253 1198 392 1250 glabri
419 1198 674 1252 pyriformes
699 1198 738 1239 in
765 1198 954 1250 stipitem
979 1197 1201 1239 attenuati.

306 1273 406 1310 Hab.
426 1275 465 1309 in
487 1274 638 1309 fissuris
656 1274 813 1320 rupium
833 1273 1004 1318 regionis
1024 1273 1220 1308 inferioris
1238 1276 1275 1309 et
1290 1275 1499 1318 montanae,
1526 1273 1677 1309 Graecia
1697 1275 1735 1308 et
1751 1271 1941 1319 Archipe-

256 1320 394 1366 lagus!
414 1321 642 1357 Macedonia
664 1324 700 1356 et
715 1320 881 1356 Thracia
903 1320 1109 1365 (Grisebl),
1140 1321 1322 1355 Anatolia
1342 1320 1597 1356 occidentalis
1618 1322 1655 1355 et
1674 1319 1942 1355 meridionalis

258 1367 422 1411 (Tchihl
454 1368 539 1403 Ball
576 1369 684 1413 Kyl),
719 1367 833 1413 Syria
872 1367 1038 1402 borealis
1077 1373 1112 1402 et
1142 1368 1428 1413 Mesopotamia
1458 1367 1507 1402 ad
1536 1367 1695 1409 Aintab,
1733 1367 1837 1411 Orsa,
1870 1367 1939 1401 etc.

258 1413 480 1460 (Hausskl)‚
512 1416 660 1450 Pontus
680 1415 843 1450 Lazicus
873 1414 923 1449 ad
953 1415 1095 1449 ostium
1124 1415 1237 1450 fluvii
1260 1414 1545 1462 Kalopotanios
1564 1414 1701 1459 (Ball),
1732 1413 1882 1449 Tauria
1907 1414 1945 1448 et

257 1460 563 1498 Transcaucasia
580 1461 728 1506 (Ledeb
744 1463 782 1507 l).

315 1526 358 1580 β.
382 1526 584 1578 riparum
605 1526 792 1568 Haussk.
819 1526 917 1569 Mss.
934 1549 990 1555 -
1007 1525 1120 1567 Folia
1140 1526 1183 1568 in
1208 1526 1383 1569 lacinias
1410 1528 1482 1568 5-7
1501 1527 1669 1568 inferne
1692 1527 1942 1578 angust-atas

253 1585 526 1638 spathulatas
562 1586 728 1638 partita.

254 1651 533 1743 (Ηξῧξέιζεῗῗυε
549 1651 700 1687 rivulos
716 1652 839 1698 Syriae
858 1652 1026 1688 borealis
1047 1661 1165 1699 prope
1182 1652 1337 1697 Aintal),
1356 1652 1403 1687 ad
1421 1650 1611 1696 Giaurgol
1629 1661 1748 1698 prope
1762 1650 1942 1687 Marasch

311 1783 350 1821 γ.
375 1764 591 1815 ’νῑιῃεείνὶε
607 1765 792 1807 Haussk.
817 1765 913 1808 Mss.
939 1789 994 1794 —
1020 1765 1133 1807 Folia
1154 1765 1336 1807 indivisa
1359 1768 1483 1807 ovata
1500 1765 1565 1806 vel
1586 1763 1765 1816 oblonga
1783 1763 1937 1806 obtusa

255 1821 459 1865 firmiora.
488 1823 674 1866 Fructus
704 1825 964 1878 pyriformes
994 1824 1090 1878 plus
1117 1824 1257 1866 minus
1284 1824 1499 1878 puberuli.

303 1896 403 1932 Halo.
439 1897 475 1932 in
510 1897 662 1933 fissuris
694 1899 862 1944 rupium,
891 1898 984 1933 faux
1019 1898 1233 1934 Guzeldere
1267 1897 1414 1933 Ciliciae
1449 1897 1586 1943 (Ball),
1618 1907 1742 1943 pagus
1775 1895 1944 1933 Maaden

254 1943 452 1979 Armeniae
466 1945 650 1980 Kurdicae
669 1945 761 1991 (ΚΥ.
778 1945 898 1991 4861),
914 1945 1155 1991 Akkerdagh
1172 1955 1291 1991 prope
1306 1945 1485 1980 Marasch
1503 1948 1540 1980 et
1555 1944 1703 1979 Aintab
1718 1944 1942 1989 (Hausskl)‚

253 1989 540 2036 Mesopotamia
565 1992 613 2026 ad
640 1992 745 2037 Orsa7
780 1992 1033 2028 charmelik
1061 1996 1098 2027 et
1128 1993 1167 2028 in
1199 1996 1328 2027 monte
1354 1992 1509 2038 Sindjar
1532 1991 1754 2036 (Hausskl)‚
1790 1995 1943 2027 montes

253 2037 347 2073 Kuh
366 2038 561 2084 Kilouyeh
583 2039 723 2074 Persiae
747 2039 1162 2075 austro-occidentalis
1183 2039 1358 2083 (Haussk
1372 2040 1409 2084 l).

314 2102 350 2146 ὃ.
372 2102 562 2155 ytobosa.
584 2128 638 2135 —
662 2103 777 2146 Folia
805 2104 957 2146 triloba
984 2105 1047 2146 vel
1077 2104 1279 2154 indivisa,
1314 2103 1580 2158 receptacula
1607 2103 1780 2157 globosa
1806 2104 1941 2157 pube·

254 2163 349 2203 rnla
375 2162 520 2216 stipite
544 2163 717 2205 omuino
745 2163 965 2206 destituta.

299 2234 399 2270 Hal).
418 2235 455 2271 in
475 2236 624 2271 fissuris
644 2238 802 2283 rupium
826 2237 1026 2272 Cataoniae
1056 2236 1095 2271 in
1122 2236 1321 2271 montibus
1351 2236 1520 2281 Akdagh
1552 2240 1589 2272 et
1614 2236 1811 2282 Begdagh,
1843 2236 1943 2272 circa

248 2279 445 2327 Marascli,
465 2283 503 2318 in
523 2283 676 2319 deserto
696 2284 993 2331 Mesopotamiae
1012 2285 1112 2319 inter
1131 2283 1257 2329 Surug
1278 2286 1315 2318 et
1335 2284 1428 2319 Orfa
1446 2283 1661 2328 (Hausskl)

311 2348 597 2391 e.Jolza71nis.
618 2373 673 2379 —
694 2350 810 2392 Folia
838 2363 969 2404 parva
998 2363 1131 2404 supra
1156 2361 1311 2402 aspera
1336 2350 1494 2393 subtus
1522 2349 1943 2392 tomentello-scabra

252 2407 467 2461 profunde
492 2409 811 2462 tonaio-partita
843 2410 908 2452 vel
942 2409 1135 2452 laciniata
1165 2409 1272 2450 lobis
1305 2411 1345 2451 et
1373 2409 1537 2451 laciniis
1573 2408 1776 2452 lobulatis
1803 2407 1942 2450 undu-

253 2465 531 2520 lato-crispis,
559 2468 725 2510 fructus
762 2469 880 2521 parvi
908 2468 1087 2510 velutini
1123 2468 1534 2520 ovato-pyriformes
1557 2468 1625 2510 vel
1652 2466 1817 2521 globosi
1846 2467 1942 2510 bre·

253 2524 364 2568 viter
388 2527 580 2580 stipitati.
606 2526 651 2568 F.
673 2526 893 2569 ‚Iohannis
922 2527 1057 2569 Boiss.
1086 2527 1236 2579 Diagn.
1264 2525 1360 2568 Ser.
1388 2526 1422 2579 Ι,
1452 2528 1492 2578 7,
1521 2540 1561 2581 ρ.
1591 2527 1659 2568 96.

300 2597 401 2634 Halo.
427 2598 476 2634 ad
506 2609 623 2645 rupes
644 2599 786 2635 Persiae
818 2600 1010 2644 australis,
1044 2600 1091 2635 ad
1114 2600 1213 2636 Gere
1245 2603 1282 2635 et
1312 2600 1469 2635 Schiraz
1490 2600 1668 2646 (Ky.91!
1700 2602 1737 2635 et
1755 2599 1861 2644 3161)
1892 2599 1941 2634 ad

251 2642 361 2690 Teng
383 2645 518 2681 Biresa
543 2656 663 2692 prope
680 2646 867 2682 Bebehan
897 2649 934 2682 et
967 2647 1162 2682 Nackschi
1190 2647 1329 2682 Timui·
1355 2657 1475 2693 prope
1496 2648 1679 2683 Kaserun
1705 2646 1884 2691 (Haussk
1899 2648 1938 2691 l),

252 2691 386 2727 Persia
405 2693 584 2728 orientali
605 2693 705 2728 inter
723 2693 877 2729 Tebbes
896 2697 933 2730 et
951 2694 1072 2729 Herat
1091 2694 1188 2740 (Bge
1202 2695 1241 2739 l),
1271 2694 1501 2730 Belutschia
1521 2695 1570 2730 ad
1591 2695 1707 2730 Zahri
1737 2693 1939 2739 (Stocksl).

297 2749 358 2784 Ar.
385 2749 516 2794 Geogr.
540 2749 700 2796 Europa
719 2749 911 2796 australis,
933 2750 1063 2786 Africa
1082 2749 1263 2795 borealis,
1285 2750 1396 2785 India
1413 2751 1744 2797 septentrionalis.

311 2853 346 2893 ⁰2.
383 2852 436 2895 P.
464 2853 700 2896 Persica
731 2853 889 2908 (Boiss.
924 2854 1076 2907 DIagn.
1107 2854 1198 2897 Ser.
1235 2854 1268 2904 I,
1301 2857 1340 2905 7,
1374 2868 1415 2909 p.
1449 2856 1524 2910 97)
1555 2855 1774 2905 fruticosa,
1808 2855 1938 2898 ramis

251 2912 460 2964 elongatis
484 2912 866 2964 cinerascentibus,
895 2913 1005 2956 toliis
1029 2913 1223 2956 deciduis
1246 2915 1646 2958 ovato-orbiculatis
1675 2915 1764 2957 basi
1792 2917 1939 2957 rotun-

248 2968 362 3011 datis
397 2971 462 3012 vel
499 2971 771 3015 subcordatis
810 2972 922 3015 ultra
962 2973 1147 3015 medium
1188 2974 1227 3015 in
1265 2974 1441 3017 lacinias
1479 2974 1747 3029 spathulatas
1780 2974 1940 3017 iterum
