2100 3262
326 179 418 215 1074
963 188 1352 215 Ams'romcmAcuAE.
1819 176 2008 213 Asarum.

327 259 665 302 membranaceis
689 258 859 303 caducis
882 262 1087 310 suffultis,
1110 262 1264 316 peticio
1282 261 1470 304 unissoro
1493 260 1607 302 inter
1620 259 1717 302 folia
1738 259 1836 301 bina
1859 260 2006 303 termi-

327 319 426 371 nali,
463 318 671 371 perigenii
708 320 914 373 utrinque
946 321 1085 364 villosi
1125 321 1177 362 ad
1210 319 1401 362 medium
1428 329 1567 372 usque
1597 318 1689 361 fissi
1722 317 1830 360 lobis
1867 318 2005 363 ovatis

325 375 836 477 gercnuspgskijeigssgrevem
872 379 1101 421 contractis
1134 385 1191 427 36.
1230 377 1289 419 Fl.
1316 377 1424 419 Dan.
1459 377 1547 420 tab.
1580 377 1678 419 633.
1702 399 1758 408 —
1782 377 1912 420 Rchb.
1946 377 2003 421 Ic.

323 500 472 591 (ΞΗξιῐΙῗἱ
491 501 536 582 {3ss
556 500 753 593 lambrosis
770 503 891 549 partis
911 502 1156 538 occidentalis
1184 502 1365 548 regionis,
1391 501 1561 537 Laconia
1587 502 1625 536 et
1652 500 1754 536 circa
1770 500 2004 546 Byzantium

373 557 427 582 1111
524 557 566 582 ro
596 557 624 582 r.
650 576 656 584 .

379 611 422 664 β.
453 611 737 654 Caucasicum
758 613 999 656 Duchartre
1022 614 1065 655 in
1095 625 1174 655 uc.
1203 611 1355 654 Prodr.
1384 611 1477 663 XV,
1502 625 1542 666 p.
1570 611 1667 653 423.
1697 635 1744 642 —-
1772 611 1889 653 Folia
1916 623 2002 656 non

322 669 600 711 obtusissima
626 671 701 713 sed
727 673 845 725 apice
868 672 1000 725 magis
1024 674 1239 725 provecta.
1273 695 1323 701 —
1351 670 1403 712 A.
1427 669 1641 712 Ibericum
1663 668 1820 712 Steven
1842 670 1942 713 Mss.

368 735 468 770 Hah.
488 736 529 770 in
547 736 675 772 Ponto
691 737 831 773 Lazico
846 747 965 784 prope
979 737 1100 773 Rhize
1116 736 1207 781 (Bal
1219 738 1258 783 !)‚
1275 736 1453 772 [mei-etia
1470 738 1508 771 et
1523 735 1650 772 Iberia
1666 735 1853 782 (Nordm.,
1869 736 2002 780 Stev.).

368 790 547 827 Varietas
567 790 589 836 β
609 792 750 839 (quam
771 795 951 828 caeterum
970 792 1179 828 floriferam
1197 803 1276 828 non
1296 792 1396 837 vidi)
1416 791 1523 827 foliis
1545 791 1677 827 minus
1696 791 1847 827 obtusis
1865 791 1913 827 A.
1931 790 2003 828 Ca·

321 838 494 874 nadense
515 839 642 882 refert,
662 841 829 875 formam
849 839 1052 884 analogam
1074 849 1122 874 ex
1139 839 1321 875 Helvetia
1339 839 1477 874 habeo.

367 893 429 927 Ar.
452 893 583 938 Geoqr.
610 893 768 940 Europa
789 893 915 928 media
935 904 956 928 a
977 892 1114 929 suecia
1132 894 1328 930 et'Rossia
1345 894 1396 929 ad
1415 893 1581 940 Italiam,
1602 893 1850 940 Dalmatiam,
1870 894 2001 939 regio-

322 948 411 973 nem
429 939 704 987 DanuMalem,
726 941 866 976 Sibiria
883 939 1092 976 Uralensis.

777 1090 1141 1139 ARlSToLocfllA
1167 1093 1230 1150 (L.
1263 1091 1358 1140 Gen.
1389 1091 1536 1149 1022).

378 1223 655 1276 Perigonium
675 1223 924 1266 tubulosum
953 1223 1098 1266 ovario
1121 1224 1323 1266 adnatum
1342 1224 1446 1266 tubo
1467 1235 1599 1277 supra
1622 1224 1818 1267 ovarium
1835 1224 1998 1267 ventri·

317 1292 429 1334 coso‚
454 1282 572 1335 apice
604 1282 761 1335 saepius
790 1282 833 1324 in
871 1283 1039 1336 ligulam
1077 1282 1313 1325 dilatatum.
1349 1282 1554 1325 Anlherae
1585 1293 1661 1324 sex
1690 1282 1866 1325 sessiles
1893 1282 1997 1328 facie

315 1339 486 1383 interna
512 1341 719 1383 columnae
745 1341 912 1394 styliuae
934 1342 1111 1384 adnatae.
1139 1341 1288 1395 Stylus
1314 1341 1460 1385 brevis
1487 1341 1598 1384 iobis
1620 1341 1683 1395 (in
1709 1341 1891 1396 nostris)
1918 1354 1997 1398 sex

317 1399 577 1451 st-iginatosis
604 1399 862 1452 patentibus.
886 1399 1092 1457 Ovarium
1115 1400 1299 1443 inferum
1328 1401 1598 1443 sexloculare
1624 1399 1765 1443 ovulis
1793 1400 1996 1454 plurimis

317 1458 472 1510 angulo
497 1458 674 1500 centrali
697 1458 934 1501 loculorum
967 1458 1200 1502 biseriatim
1233 1459 1425 1502 insertis.
1454 1458 1640 1512 Capsula
1662 1458 1849 1501 coriacea
1875 1459 1996 1512 apice

316 1516 511 1558 cicatrice
540 1516 658 1559 limbi
695 1516 861 1559 decidui
897 1517 1140 1559 umbilicata
1166 1518 1371 1571 septicide
1404 1518 1496 1560 basi
1519 1517 1586 1559 vel
1611 1517 1730 1571 apice
1762 1517 1994 1561 sexvalvis.

317 1573 489 1616 Semina
516 1575 752 1618 uniseriala
778 1576 1073 1629 strophiolata.
1098 1600 1155 1606 —
1178 1576 1334 1619 Herbae
1355 1576 1572 1619 interdum
1594 1575 1822 1619 volubiles.

727 1709 975 1761 specierum
998 1709 1285 1753 Orientalium
1309 1709 1574 1753 distributio.

468 1816 480 1827 ·
507 1814 760 1860 Perigonium
781 1815 890 1861 apice
908 1815 1087 1852 clausum
1102 1826 1198 1863 poro
1216 1815 1450 1852 sublaterali
1468 1818 1619 1853 tantum
1637 1819 1827 1866 apertum.

358 1890 407 1923 A.
425 1888 689 1924 microstoma.

376 1984 387 1996 '
407 1984 418 1996 “
445 1984 696 2029 Perigonium
713 1995 882 2031 superne
903 1987 942 2021 et
957 1986 1105 2032 postiae
1123 1986 1162 2022 in
1180 1986 1348 2022 limbum
1366 1986 1555 2034 (labium)
1575 1987 1846 2024 unilateralem
1863 1986 1928 2024 vel

482 2032 780 2077 periphaericum
802 2032 872 2067 sed
892 2032 980 2067 basi
997 2043 1077 2069 non
1094 2034 1575 2070 cordato-biauriculatum
1597 2044 1827 2082 expansum.

705 2116 746 2158 4
774 2113 917 2150 Caules
936 2115 1168 2152 scandentes
1190 2117 1254 2152 vel
1275 2117 1593 2154 subscandentes.

355 2191 404 2227 A.
421 2193 714 2239 sempev-virens,
732 2193 936 2231 altissima.

831 2296 876 2333 4-
897 2296 939 2337 -Ιι-
967 2293 1108 2330 Caules
1128 2304 1206 2331 non
1223 2296 1462 2333 scandentes.

685 2380 719 2413 ><
749 2374 942 2421 Perigonii
960 2376 1080 2412 tubus
1098 2378 1226 2413 rectus
1243 2378 1307 2414 vel
1325 2379 1395 2415 vix
1413 2381 1611 2416 curvatus.

354 2453 402 2488 A.
422 2453 648 2500 ρανυιΤοῑία,
674 2454 945 2503 Toumefortii,
965 2456 1208 2504 Billardieri,
1227 2458 1452 2507 Clematitis,
1471 2461 1655 2507 rotunda,
1672 2461 1801 2508 Zonya,
1817 2461 1987 2511 pallida.

626 2558 661 2592 ><
689 2560 724 2592 ><
753 2553 952 2599 Perigonii
970 2554 1091 2591 tubus
1105 2555 1220 2593 valde
1237 2557 1669 2604 sigmoideo-curvatus.

352 2623 400 2659 A.
423 2623 558 2670 ineisa,
575 2623 691 2661 hirta.

375 2722 386 2734 ¹
403 2723 415 2734 '
434 2723 446 2734 ·
469 2723 722 2769 Perigonium
743 2734 912 2772 superne
931 2728 969 2761 et
988 2726 1131 2772 postice
1150 2727 1190 2763 in
1208 2727 1360 2765 labium
1379 2729 1608 2769 unilaterale
1627 2730 1714 2768 basi
1733 2731 1910 2769 cordato-

863 2772 1172 2811 biauriculatum
1191 2785 1422 2822 expansum.

870 2860 906 2893 ><
935 2853 1132 2899 Perigonii
1149 2854 1270 2892 tubus
1287 2858 1423 2892 rectus.

352 2921 389 2955 A
418 2922 674 2960 auricularia.
