2065 3271
80 220 336 267 Marrubium.
834 224 1027 251 LABmTAE.
1700 216 1769 252 705

131 306 178 360 β.
213 298 416 352 oliyodon
440 298 684 341 —Dentes
710 295 891 350 calycini
916 299 1081 339 tantum
1106 296 1243 349 quini.
1273 313 1320 327 -·-
1351 297 1408 338 M.
1444 300 1592 340 album
1624 296 1766 340 Boiss.

80 370 119 411 et
149 360 245 405 Bal.
285 358 436 411 Diagn.
483 357 575 400 Ser.
619 354 673 405 ΙΙ,
714 358 736 398 5
776 369 819 410 p.
867 357 936 397 52.
967 380 1022 386 —--
1053 353 1110 397 M.
1159 355 1525 398 candidissimum
1561 356 1604 399 C.
1651 356 1768 399 Koch

81 425 199 467 Linn.
226 417 344 465 ΧΧΙ,
368 429 407 471 p.
435 417 518 459 69ss
547 428 630 458 non
659 415 704 457 L.

123 496 220 532 Hab.
242 495 282 529 in
302 491 552 546 Cappadocia
570 491 622 526 ad
640 490 845 527 Kamechli
873 489 986 524 Khan
1013 491 1050 525 et
1080 489 1119 524 in
1147 492 1278 524 monte
1309 490 1479 536 Alidagb
1504 490 1641 534 (Ball),
1669 491 1768 526 circa

79 544 218 583 Baibut
235 542 432 577 Armenia}
451 539 599 584 (Bourg
611 540 649 584 2).

120 606 256 643 Planta
282 601 511 650 1·2—pedalis
540 612 563 637 a
582 601 635 637 M.
658 606 822 638 cuneato
841 611 922 636 var.
950 599 1145 647 spa'naloso
1162 613 1209 632 =
1227 599 1280 635 M.
1298 601 1459 637 radiato
1492 602 1575 638 Del.
1600 613 1768 649 quocum

79 653 280 691 confusum
299 651 373 685 fuit
390 650 494 685 foliis
514 649 716 684 floralibus
735 649 921 694 angustis,
940 647 1083 692 calycis
1103 647 1286 683 dentibus
1310 649 1604 691 angustioribus
1625 654 1660 685 et
1685 651 1768 684 lon-

78 699 248 748 gioribus
266 707 470 744 nunquam
488 696 628 732 trifidis
648 706 718 732 nec
734 696 929 731 uncinatis
947 694 1109 730 omnino
1124 694 1327 739 distincta;
1349 698 1464 742 typus
1477 696 1525 731 ad
1542 698 1770 733 varietatem

80 758 121 785 eo
141 746 324 782 rariorem
342 743 583 780 intermediis
606 743 755 779 transit.

639 867 759 911 Smer.
797 867 847 909 ll.
886 867 1194 910 BALLoTomEs.

133 990 199 1032 3⁶2.
224 989 291 1031 M.
324 987 679 1032 ballotoides
713 987 870 1042 [Boiss.
897 990 938 1028 ct
966 986 1054 1028 Bal.
1080 987 1228 1039 Diagn.
1252 987 1345 1030 Ser.
1375 987 1428 1039 ΙΙ,
1452 988 1478 1029 4
1503 1000 1540 1041 p.
1566 985 1641 1040 53)
1671 988 1764 1040 plu-

75 1049 233 1093 ricaule
262 1048 396 1090 dense
423 1048 676 1101 etbreviter
694 1049 983 1090 tomentnsnm
1009 1047 1248 1095 cinereum,
1277 1047 1475 1089 caulibus
1501 1047 1657 1088 crectis
1676 1046 1766 1088 basi

73 1107 342 1151 albo-lanatis
366 1117 557 1160 superne
584 1118 710 1160 parce
735 1110 776 1148 et
803 1105 995 1147 breviter
1013 1105 1474 1158 paniculato-ramosis,
1502 1106 1613 1148 foliis
1640 1117 1767 1157 rugo-

73 1166 256 1210 sissimis
296 1165 451 1219 griseis
490 1165 644 1208 subtus
689 1165 824 1217 magis
866 1164 984 1206 canis
1032 1164 1311 1207 inferioribus
1356 1164 1765 1207 ovato-orbiculatis

71 1225 300 1280 petiolatis‚
349 1224 575 1267 floralibus
625 1225 773 1279 parvis
817 1223 997 1265 deflexis
1041 1228 1223 1276 anguste
1269 1223 1465 1276 oblongis
1507 1225 1639 1266 flores
1692 1224 1762 1265 vix

71 1284 354 1340 aequantibus,
408 1283 724 1326 verticillastris
766 1282 1090 1337 approximatis,
1135 1282 1320 1326 bracteis
1360 1283 1764 1336 oblongo-cuneatis

71 1344 222 1387 obtuse
246 1343 530 1385 3·5·dcntatis
565 1342 792 1384 dimidium
828 1341 1014 1394 calycem
1052 1341 1124 1382 vix
1160 1342 1447 1396 (equentibus,
1484 1342 1640 1395 calycis
1671 1343 1768 1383 bre-

72 1403 183 1446 viter
202 1405 245 1445 et
269 1402 471 1444 stellatim
497 1402 727 1444 tomentosi
756 1400 886 1443 limbo
904 1402 1214 1454 erecto-patulo
1239 1401 1343 1443 tubo
1362 1401 1513 1443 striato
1538 1401 1768 1455 quintuplo

71 1462 270 1505 breviore
297 1460 500 1504 dentibus
524 1460 755 1515 subquinis
773 1460 867 1502 aliis
891 1457 1063 1502 trilobis
1089 1460 1199 1502 lobis
1223 1460 1363 1502 ovatis
1385 1460 1569 1503 obscure
1596 1473 1764 1502 mucro-

76 1520 234 1564 nulatis
258 1520 352 1563 aliis
384 1520 624 1562 minoribus
660 1520 860 1562 indivisis
896 1519 1048 1566 ovans,
1084 1519 1254 1562 corollae
1288 1518 1396 1561 albae
1430 1519 1561 1561 limbo
1598 1521 1768 1562 minuto

74 1580 149 1623 vix
175 1582 348 1623 exserto
383 1589 439 1631 26.

119 1653 216 1689 Hab.
238 1654 289 1690 ad
307 1653 517 1689 Balamout
535 1653 658 1689 Kaive
676 1653 776 1689 inter
792 1653 1001 1700 Smyrnam
1021 1656 1058 1689 et
1077 1652 1318 1699 Magnesiam
1339 1654 1379 1688 in
1399 1655 1593 1690 consortio
1615 1653 1667 1690 M.
1683 1653 1766 1689 vul-

72 1702 183 1747 ,σανίς
204 1701 305 1746 (Bal.
327 1711 407 1737 exs
425 1701 538 1746 3201).

117 1765 249 1801 Facies
273 1768 310 1801 et
336 1766 609 1801 indumentum
638 1764 692 1800 M.
710 1764 888 1810 vulparia
912 1765 979 1801 sed
1006 1765 1056 1800 ab
1079 1765 1263 1800 omnibus
1289 1765 1572 1809 congeneribus
1601 1765 1765 1800 bracteis

70 1823 147 1848 non
171 1813 331 1849 setaceis
353 1815 390 1848 et
411 1813 543 1858 calyce
560 1813 637 1848 fere
651 1811 821 1848 Ballotae
839 1812 961 1848 disere
992 1822 1073 1847 ans.
1094 1812 1273 1848 Stamina
1293 1813 1331 1847 in
1355 1813 1461 1848 fauce
1484 1812 1635 1848 inclusa
1654 1812 1766 1848 Mar-

70 1859 179 1896 rubii.
206 1860 316 1896 Hanc
342 1859 519 1907 plantam
549 1870 620 1906 pro
644 1860 752 1906 prole
776 1860 944 1905 hybrida
988 1858 1164 1895 lar-rubii
1187 1863 1224 1895 et
1240 1859 1410 1896 Balcotoe
1437 1860 1664 1895 habuissem
1697 1859 1766 1894 sed

72 1907 225 1943 nuculae
244 1907 439 1943 normales
461 1910 562 1952 sunt,
581 1906 734 1943 obtusae
753 1908 919 1952 trigonae
941 1907 1112 1943 faciebus
1132 1908 1296 1943 internis
1316 1908 1586 1943 subconcavae.

589 2059 846 2108 smanms
884 2060 949 2118 (ι.
985 2060 1084 2108 cen.
1121 2059 1240 2119 712).

129 2194 260 2250 Calyx
276 2197 828 2252 tubuloso-campanulatus
843 2197 1062 2240 interdum
1080 2197 1398 2240 subbilabiatus
1416 2197 1620 2241 dentibus
1634 2200 1657 2240 ὅ
1676 2199 1765 2252 ple-

70 2266 253 2309 rumque
282 2256 484 2309 spinosis.
512 2256 682 2300 Corolla
710 2258 811 2300 tubo
839 2258 1006 2300 incluso
1026 2256 1157 2299 limbo
1182 2256 1384 2299 bilabiato
1405 2257 1516 2299 labio
1534 2258 1765 2310 superiore

73 2318 214 2357 erecto
253 2315 465 2369 subplano
500 2317 667 2370 integro
705 2317 771 2358 vel
811 2316 1130 2363 retuso-bifido,
1170 2316 1375 2358 inferiore
1404 2320 1575 2370 patente
1602 2316 1761 2359 trifido.

72 2371 259 2416 Stamina
297 2372 325 2415 4
364 2375 591 2427 didynama
640 2375 742 2418 tubo
785 2376 953 2418 inclusa
996 2375 1224 2429 superiora
1273 2374 1530 2417 brevissima
1570 2376 1764 2418 antberis

72 2431 334 2476 divaricatim
373 2434 700 2485 bilocularibus,
737 2435 940 2477 inferiora
977 2434 1169 2487 longiora
1205 2435 1398 2476 antberis
1426 2435 1587 2487 saepius
1615 2435 1762 2476 diffor-

73 2490 223 2535 mibus.
259 2491 408 2545 Stylus
446 2494 550 2536 tubo
589 2494 785 2536 inclusus
817 2494 977 2535 bifidus
1015 2494 1110 2536 lobo
1150 2494 1376 2547 superiore
1414 2493 1535 2535 brevi
1566 2497 1763 2536 truncato

72 2549 274 2592 inferiore
298 2551 472 2595 dilatato
494 2552 585 2594 basi
610 2553 881 2607 superiorem
910 2553 1213 2606 amplectente.
1256 2552 1435 2595 Nuculae
1459 2553 1578 2607 apice
1612 2556 1762 2595 rotun-

72 2607 374 2653 dato-obtusae.
403 2635 452 2641 -
478 2611 634 2654 Herbae
660 2624 816 2654 annuae
844 2615 884 2653 et
914 2624 1130 2665 perennes
1158 2612 1222 2654 vel
1252 2611 1518 2654 sufsrutices.

71 2742 189 2787 Smer.
223 2745 252 2787 I.
290 2745 492 2789 HsssromA
519 2746 612 2788 ssth.
646 2746 874 2789 —Herbae
906 2759 1074 2790 annum.
1116 2746 1231 2788 Folia
1274 2746 1438 2789 floralia
1481 2747 1763 2791 inferioribus

394 2805 626 2848 conformia
653 2806 728 2849 sed
754 2806 919 2847 minora
942 2805 1110 2859 integra
1135 2806 1198 2847 vel
1228 2810 1427 2849 crenata.

135 2914 168 2954 1.
204 2911 251 2955 S.
284 2913 488 2957 lanata
517 2914 580 2969 (L.
613 2914 684 2968 Sp.
713 2915 819 2969 804)
844 2927 988 2957 annua
1012 2914 1198 2957 molliter
1221 2918 1263 2957 et
1292 2917 1433 2969 patule
1463 2915 1628 2963 villosa.
1655 2916 1762 2959 collo

73 2972 231 3026 saepius
277 2973 528 3026 pluricaulis
565 2974 762 3017 caulibus
796 2974 955 3028 saepius
994 2975 1176 3018 ramosis
1217 2975 1387 3028 erectis,
1428 2975 1536 3017 soliis
1575 2976 1763 3019 crenatis
