2100 3262
283 223 355 261 558
1045 237 1241 264 LABIATAE.
1810 229 1844 266 T
1841 230 1994 278 hyrmos.

281 306 324 341 in
339 306 474 342 axillis
493 308 722 344 fasciculata
740 311 779 345 et
797 309 1060 354 strictissima,
1079 309 1223 355 calycis
1245 310 1379 346 dentes
1399 311 1619 357 superiores
1639 312 1784 358 saepius
1804 312 1996 348 acutiores

282 356 321 388 et
338 354 572 400 profundius
591 356 675 391 fissi
696 366 817 402 quam
845 357 885 391 in
916 356 956 392 T.
979 356 1154 403 Serpyllz'
1172 357 1324 394 formis.
1357 357 1397 393 In
1426 357 1523 393 locis
1551 358 1832 394 diversissimis
1857 359 1995 395 faciem

282 402 319 435 et
337 401 578 438 characteres
598 408 730 439 servat
750 407 786 438 et
805 405 953 451 species
972 405 1129 451 propria
1144 404 1314 441 videtur.

345 518 384 558 5.
414 517 469 559 T.
505 516 974 562 odoratissimus
1009 518 1131 573 (ΜΒ.
1161 520 1290 562 Taur.
1317 518 1447 562 Cauc.
1475 519 1550 570 ΙΙΙ,
1578 532 1615 573 p.
1645 519 1752 573 405)
1788 520 1990 563 dumulo-

285 587 376 628 sus,
412 576 547 618 ramis
582 577 835 631 junioribus
881 578 1088 621 tenuibus
1131 580 1287 622 erectis
1331 579 1514 627 foliosis,
1560 578 1672 621 foliis
1713 579 1993 631 glanduloso-

285 635 506 688 punctatis
559 635 954 679 lineari-subulatis
1005 638 1200 690 margine
1253 638 1554 681 subrevolutis
1611 637 1780 680 obtusis
1825 638 1992 688 ciliatis,

286 693 428 736 axillis
467 694 782 745 fasciculiferis‚
817 696 1002 739 floribus
1040 698 1238 750 capitatis
1276 697 1389 747 foliis
1430 696 1658 740 floralibus
1699 697 1994 740 conformibus

285 753 566 796 intermixtis.
596 754 753 807 calycis
777 755 868 797 fere
891 755 943 797 ad
962 755 1155 798 medium
1180 756 1408 811 aequaliter
1428 755 1621 798 bilabiati
1644 754 1846 798 dentibus
1867 768 1995 810 supc-

285 811 479 854 rioribus
500 813 749 855 lanceolatis
777 815 1062 857 acutiusculis
1087 814 1369 858 inferioribus
1390 814 1606 858 subulatis
1630 814 1797 866 ciliatis⁷
1825 815 1997 857 corollae

284 882 524 924 purpureae
555 872 659 914 tubo
700 873 867 916 incluso
900 879 960 921 ΖΔ.
1013 873 1060 915 Τ.
1100 874 1348 926 pecte'natzcs
1384 873 1432 916 F.
1474 877 1516 916 et
1549 873 1600 916 M.
1638 874 1754 915 Ann.
1797 873 1863 917 Sc.
1900 873 1998 916 Nat.

287 927 404 972 4854
433 943 472 984 p.
508 931 575 973 3‘2.
602 953 657 961 —
687 931 735 973 T.
767 931 900 985 Zyffi's
925 932 1111 976 Marscli.
1139 932 1268 988 Casp.
1297 946 1336 987 p.
1363 935 1461 975 ⁶210.

333 1004 434 1040 Halo.
453 1005 494 1041 in
515 1006 804 1052 campestribus
822 1006 1103 1043 Ciscaucasicis
1124 1008 1182 1052 (C.
1202 1007 1342 1052 Koch),
1367 1008 1559 1044 Cataonia
1579 1007 1724 1053 (Tchih
1737 1009 1776 1053 1).

333 1069 359 1105 S
390 1070 538 1106 ecimen
560 1071 811 1106 Anatolio-um
833 1072 1007 1108 Rossicis
1027 1073 1167 1109 simile.
1200 1076 1261 1109 An
1287 1074 1369 1109 haec
1392 1074 1526 1121 planta
1554 1083 1711 1120 quoque
1739 1073 1996 1110 varietatibus

291 1115 332 1152 T.
382 1117 534 1164 erpyllz‘‚
553 1117 598 1153 cl.
618 1118 824 1154 Ledebour
842 1123 1095 1167 proponente,
1127 1121 1424 1158 adnumeranda
1443 1121 1494 1157 sit
1515 1121 1656 1166 nescio,
1686 1121 1804 1157 facies
1830 1122 1996 1168 propria,

287 1165 325 1198 et
344 1164 544 1212 hucusque
563 1166 713 1201 formas
732 1168 977 1203 transitorias
999 1177 1078 1203 non
1096 1168 1187 1204 vidi.

335 1238 393 1272 Ar.
415 1237 549 1283 Geoqr.
579 1238 722 1274 Bossia
741 1240 938 1275 australis.

346 1356 387 1397 6.
424 1355 476 1399 Τ.
512 1360 791 1412 comptus
824 1358 961 1413 (Friv.
992 1359 1118 1402 Flora
1143 1358 1271 1409 1836,
1297 1373 1337 1414 p.
1375 1359 1483 1414 439)
1518 1360 1651 1402 ramis
1689 1361 1897 1403 tenuibus
1927 1373 1995 1404 as·

286 1414 575 1458 cendentihus
602 1420 643 1458 et
670 1417 1051 1470 decumbentibus,
1087 1419 1198 1463 foliis
1227 1423 1410 1472 anguste
1449 1419 1843 1462 lineari-subulatis
1882 1432 1998 1462 mar-

285 1473 383 1527 gine
409 1476 656 1517 convolutis
681 1476 998 1520 obtusiusculis
1027 1478 1119 1522 basi
1142 1479 1313 1529 ciliatis,
1345 1478 1488 1521 axillis
1527 1478 1841 1522 fasciculiteris.
1869 1479 1998 1522 flora-

286 1532 402 1576 libus
423 1534 634 1577 brevibns
651 1534 984 1587 sublatioribuS‚
1008 1538 1331 1580 verticillastris
1352 1536 1616 1580 distantibus
1635 1538 1728 1581 laxe
1749 1538 1998 1589 racemosis,

287 1591 446 1647 calycis
482 1593 586 1635 hirti
618 1594 825 1638 dentibus
861 1595 1015 1640 ciliatis
1051 1597 1153 1640 labii
1192 1597 1436 1651 superioris
1470 1598 1817 1650 triangularibus
1860 1597 1998 1640 acutis

285 1651 510 1695 inferioris
535 1654 766 1705 subulatis.r
795 1655 968 1698 corollae
991 1658 1354 1710 purpurascentis
1384 1656 1485 1698 tubo
1510 1656 1678 1699 incluso
1714 1663 1773 1704 26.
1809 1657 1850 1698 T.
1875 1655 1999 1708 ylata-

286 1720 363 1752 επις
387 1711 504 1754 Friv.
533 1725 626 1756 exs.
662 1714 821 1767 (forma
849 1714 962 1757 foliis
991 1715 1340 1770 sublatioribus).

337 1786 435 1823 Hal).
456 1789 495 1823 in
518 1789 720 1825 montibus
742 1789 921 1825 Thraciae
940 1790 1096 1834 (Frivl).
1129 1791 1170 1826 in
1198 1792 1373 1827 arenosis
1401 1801 1521 1838 prope
1543 1791 1703 1828 Kalofer
1722 1792 1937 1836 (Pichlerl).
1958 1793 1999 1827 in

287 1833 529 1871 Macedoniae
551 1840 682 1872 monte
704 1837 899 1872 Korthiati
920 1837 1046 1881 (Frivt
1069 1837 1177 1884 Orph
1190 1840 1226 1883 l).

335 1899 448 1936 Folia
477 1901 691 1937 convoluta
722 1905 889 1947 anguste
917 1901 1084 1938 linearia
1116 1902 1156 1938 T.
1180 1903 1446 1940 odoratz'ssz'mz
1472 1906 1510 1940 et
1540 1903 1691 1947 hirsuti,
1723 1903 1790 1938 sed
1821 1911 1998 1938 racemus

288 1947 431 1992 longus
450 1948 737 1984 verticillastris
755 1949 844 1985 8-12
860 1949 1056 1985 distinctis
1075 1953 1268 1986 constans.

349 2064 387 2104 7.
422 2062 485 2105 T.
528 2063 1157 2120 Cappadooicus-(Boiss.
1179 2066 1328 2120 Diagn.
1350 2066 1444 2109 Ser.
1460 2066 1492 2118 Ι,
1512 2069 1536 2109 5
1561 2079 1600 2120 p.
1633 2067 1700 2121 17)
1725 2065 1996 2108 basisuffru-

286 2121 450 2164 ticosus
476 2127 723 2177 prostratus
748 2125 882 2167 ramis
906 2125 1112 2168 floriferis
1138 2126 1296 2169 erectis
1330 2125 1603 2169 brevissimis
1639 2125 1774 2168 dense
1800 2125 1997 2168 dumosis

288 2181 440 2224 crebre
481 2188 524 2226 et
556 2183 704 2225 stricte
746 2183 926 2226 foliosis.
967 2184 1079 2227 foliis
1118 2185 1480 2228 lineari-setaceis
1520 2184 1716 2238 margine
1755 2184 1999 2227 convolutis

288 2238 605 2285 obtusiusculis
637 2243 807 2291 ciliatis,
834 2243 1017 2286 floribus
1052 2245 1200 2298 paucis
1233 2244 1275 2286 in
1303 2245 1541 2298 capitulum
1580 2243 1778 2287 foliatum
1814 2255 1999 2297 parvum

288 2298 400 2341 foliis
426 2301 657 2344 suffultum
683 2302 911 2356 congestis,
946 2302 1058 2345 foliis
1081 2303 1309 2346 floralibus
1342 2304 1415 2346 vix
1451 2302 1679 2346 latioribus
1714 2302 1846 2345 flores
1871 2313 1999 2357 supe-

287 2360 507 2411 rantibus,
533 2360 717 2405 floribus
742 2362 948 2414 minimis,
976 2362 1134 2415 calycis
1159 2362 1297 2416 glabri
1326 2362 1438 2405 labio
1466 2362 1696 2416 superiore
1722 2361 1774 2404 ad
1804 2360 1994 2403 medium

288 2417 332 2458 in
357 2418 510 2462 dentes
539 2420 831 2474 triangulares
868 2421 988 2472 fisso,
1028 2421 1249 2465 inferioris
1275 2421 1506 2477 aequilongi
1531 2421 1734 2464 dentibus
1773 2420 1886 2463 binis
1925 2431 1998 2462 su-

289 2477 450 2521 bulatis
471 2479 637 2528 ciliatis,
663 2480 824 2522 corolla
852 2480 950 2522 alba
975 2480 1121 2534 calyce
1149 2481 1219 2523 vix
1245 2481 1438 2535 longiore
1471 2487 1533 2529 ¹46.

338 2554 439 2590 Hab.
458 2556 497 2590 in
523 2555 774 2603 Cappadocia
791 2556 839 2591 ad
859 2555 1103 2603 Euphratem
1122 2556 1263 2602 (Auch.
1279 2557 1415 2602 16241).

349 2630 391 2681 β.
422 2631 693 2682 pruinosus.
726 2656 783 2661 ——
806 2631 1118 2673 Indumentmn
1144 2631 1402 2685 pruinosum
1424 2641 1677 2676 canescens,
1706 2628 1802 2671 folia
1831 2627 1998 2670 floralia

290 2689 595 2732 subbreviora.
628 2714 686 2722 —
714 2691 759 2732 Τ.
783 2690 1031 2744 pruinosus
1059 2689 1197 2732 Boiss.
1224 2691 1337 2732 Anu.
1365 2689 1429 2732 Sc.
1458 2688 1552 2732 Nat.
1578 2688 1694 2731 ‘1854
1718 2701 1757 2742 p.
1784 2688 1881 2729 0253.

337 2765 439 2800 Hal).
469 2767 510 2802 in
539 2766 699 2813 planitie
731 2767 909 2814 lapidosa
947 2766 1205 2813 Cappadociae
1238 2767 1446 2803 Orientalis
1482 2766 1582 2802 inter
1619 2775 1742 2812 pagos
1775 2765 1928 2800 Gurum
1964 2764 2002 2798 et

287 2812 529 2858 Mendjalick
547 2814 692 2858 (Tchih
707 2816 743 2860 l).

336 2877 452 2912 Rami
476 2877 624 2913 novelli
646 2877 910 2924 bipollicares‚
940 2877 1038 2912 folia
1063 2877 1126 2914 2-3
1148 2877 1273 2914 lineas
1291 2876 1411 2923 longa
1427 2877 1576 2912 lineam
1594 2876 1800 2911 dimidiam
1820 2876 1888 2910 vix
1907 2873 1997 2918 lata,

286 2923 402 2959 fiores
428 2924 575 2960 lineam
601 2924 719 2971 longi.
750 2927 811 2961 An
837 2924 1080 2961 intermediis
1110 2935 1199 2961 cum
1235 2923 1274 2960 T.
1304 2923 1484 2971 Set-pyllo
1515 2923 1770 2969 angyzcscz'folz'o
1800 2921 2000 2958 confluant

287 2971 371 3006 haic
391 2974 427 3007 et
448 2975 615 3018 quatuor
639 2972 785 3019 species
806 2972 1069 3020 praecedentes
1088 2972 1250 3008 ulterius
1268 2971 1602 3017 investigandum.
