2100 3262
299 285 376 322 214
1023 275 1309 315 fioRRAGINEAE.
1814 280 2008 317 Arnebz‘a.

301 368 401 422 plus
440 365 583 406 minus
620 362 812 405 cristatis
840 361 1007 404 laciniis
1036 361 1246 413 elongatis
1274 363 1456 414 anguste
1495 361 1734 404 linearibus
1762 362 2011 406 uuinerviis

299 423 656 472 conniventibus,
694 421 865 464 corollze
903 421 1030 462 luleae
1071 420 1253 462 liirsutae
1291 420 1396 462 tubo
1436 421 1628 474 calycem
1670 420 1740 463 vix
1775 422 1844 463 vel
1880 421 2013 476 duplo

302 486 553 537 superante,
581 482 779 534 stigmate
805 480 846 522 bi
865 480 934 522 vel
958 479 1219 533 quadrifido,
1245 479 1418 521 nuculis
1445 480 1592 534 parvis
1616 480 1845 533 triquetris
1873 481 2013 524 acutis

300 540 576 596 inaequaliter
600 539 886 583 tuberculatis
915 542 978 589 O.
1006 539 1056 580 A.
1085 539 1272 579 cornuta
1297 538 1343 579 F.
1371 542 1412 581 et
1440 539 1492 580 M.
1530 538 1622 580 Ind.
1653 539 1768 580 Petr.
1797 540 1922 581 1835.
1956 563 2013 570 —-

297 600 492 644 Onosma
528 597 768 640 Orientalis
805 598 912 639 Pall.
956 597 1003 638 lt.
1041 597 1124 640 tab.
1162 598 1229 638 50.
1285 620 1334 625 —
1373 596 1726 650 Litlcospermztm
1753 597 2011 641 deewnhens

300 660 429 701 Vent.
461 657 571 700 Cels.
594 658 678 700 tab.
703 658 755 699 37
782 658 961 711 (nomen
987 656 1210 711 antiquius
1238 656 1315 698 sed
1340 655 1570 711 inaptum).
1594 681 1640 686 —
1679 655 1794 698 Lith.
1820 657 2013 699 micron-

299 718 423 760 tlcmn
451 717 544 759 Viv.
577 716 668 758 Lib.
701 716 771 767 IV,
790 716 875 757 tab.
905 718 937 757 l.
963 739 1021 744 —
1043 715 1153 757 Lim.
1183 714 1382 757 barbatum
1408 717 1570 758 Bertol.
1600 716 1717 758 Misc.
1744 716 1775 766 Ι,
1799 729 1837 770 p.
1869 718 1932 758 14.
1960 741 2008 748 —

299 776 491 820 Onosma
528 774 840 828 asper-afole'mn
878 774 1025 817 Lelim.
1055 775 1162 829 Asp.
1201 774 1253 827 11,
1284 788 1322 829 p.
1353 775 1450 816 372.
1488 800 1543 805 -—-
1579 773 1776 817 Arnebz'a
1818 775 2012 818 Viviauii

297 834 419 878 Coss.
445 840 488 878 et
511 835 617 878 Dur.
644 835 797 888 (forma
824 834 965 888 calyce
989 833 1184 888 maj0re).
1203 858 1260 863 —
1286 833 1336 875 A.
1365 833 1567 887 calycz'na
1590 833 1706 876 Stev.
1734 834 1844 877 Bull.
1875 834 2008 891 Mosq.

308 896 434 947 1851,
463 908 502 948 p.
530 895 628 936 598.

346 967 444 1003 Hab.
464 970 503 1003 in
523 969 699 1003 arenosis
717 969 754 1002 et
773 966 938 1002 desertis
960 966 1116 1001 Arabiae
1137 970 1278 1013 petreae
1299 966 1348 1002 ad
1365 965 1492 1001 Oundi
1512 966 1621 1002 Uscit
1643 968 1679 1002 et
1700 968 1738 1002 iu
1761 966 1913 1002 deserto
1933 967 2010 1003 Tih

294 1015 476 1060 (Boissl)7
497 1016 651 1051 deserto
671 1015 832 1059 Syriaco
861 1015 909 1049 ad
939 1014 1170 1058 Palmyram
1196 1013 1307 1059 (ΒΗ),
1331 1013 1381 1048 ad
1412 1013 1565 1060 Aleppo
1597 1016 1634 1049 et
1660 1015 1700 1049 in
1727 1013 2012 1061 Mesopotamia⁴

295 1062 526 1107 (Hausskt),
551 1061 776 1107 Babylonia
800 1062 940 1105 (Auch.
964 1061 1110 1105 23590,
1140 1061 1327 1096 Armenia
1353 1061 1516 1096 Turcica
1544 1071 1664 1108 prope
1690 1060 1776 1096 Van
1805 1063 1905 1106 (Noe
1919 1064 1944 1106 l)
1972 1063 2010 1097 et

297 1110 460 1146 Rossica
478 1110 537 1151 (C.
557 1110 695 1153 Koch),
716 1109 887 1154 Georgia
905 1108 1119 1143 Caucasio-a
1139 1107 1245 1152 (CA.
1264 1108 1373 1154 Meyl
1395 1108 1484 1144 Hoh
1499 1111 1536 1154 1),
1554 1109 1688 1144 Persia
1705 1108 1856 1144 boreali
1874 1109 2009 1153 (szovl

300 1156 478 1202 Buhsel),
502 1158 632 1192 inedia
655 1157 803 1201 (Egel),
825 1155 990 1191 australi
1016 1156 1105 1202 (ΚΥ,
1125 1155 1217 1201 84ἔ),
1239 1155 1505 1192 Turkestania
1531 1156 1580 1191 ad
1609 1156 1796 1203 Caspium
1825 1160 1861 1192 et
1889 1166 2010 1203 prope

300 1203 482 1240 Buchara
504 1204 646 1249 (Lehm
661 1206 698 1247 !).

344 1269 514 1306 Multum
536 1269 663 1305 variat
681 1269 934 1304 antherarum
960 1268 1188 1313 insertione,
1211 1267 1306 1313 styli
1327 1267 1535 1312 divisione,
1554 1266 1713 1303 corollae
1736 1267 2009 1313 magnitudine

293 1320 335 1352 et
359 1317 484 1352 forma
508 1319 629 1360 (nunc
650 1317 673 1352 4
691 1316 828 1359 lineas,
848 1326 950 1351 nunc
970 1315 1034 1351 8-9
1053 1315 1206 1361 longa];
1225 1315 1361 1351 formae
1383 1314 1688 1350 subbisexuales
1715 1315 1826 1361 prob.
1853 1314 2007 1350 adsunt.

344 1382 404 1417 Ar.
419 1382 552 1427 Geoqr.
573 1381 704 1416 Africa
720 1381 888 1416 borealis
902 1377 1062 1416 interior
1074 1381 1125 1415 ab
1140 1380 1300 1426 Algeria
1311 1379 1363 1415 ad
1377 1390 1543 1426 regnum
1555 1380 1859 1426 Tripolitanum,
1869 1373 2010 1416 Rossia'

295 1429 665 1467 austro-orientalis,
685 1429 889 1474 Songaria,
909 1428 1052 1463 Sibiria
1072 1428 1238 1463 Altaica.

357 1544 398 1585 4.
437 1543 498 1586 A.
535 1542 898 1585 linearifolia
940 1541 1051 1596 (nst.
1091 1543 1244 1585 Prodr.
1290 1541 1341 1590 X,
1385 1555 1423 1596 p.
1469 1542 1555 1596 95)
1595 1555 1752 1585 annua.
1780 1546 1866 1585 tota
1901 1545 2007 1587 setis

293 1601 634 1645 flavescentibus
662 1603 714 1643 ad
739 1603 884 1644 caules
909 1602 1111 1644 foliorum
1141 1602 1360 1655 margines
1387 1605 1426 1643 et
1451 1601 1823 1644 inflorescemiam
1850 1603 2007 1656 patulis

293 1661 548 1714 strigulosa,
580 1661 778 1703 caulibus
816 1660 991 1714 pumilis
1025 1661 1152 1703 rectis
1182 1674 1205 1702 a
1238 1662 1345 1703 collo
1381 1661 1542 1714 saepius
1585 1660 1783 1714 pluribus
1820 1662 2005 1704 ramosis

296 1721 430 1762 ramis
463 1734 486 1762 a
519 1720 610 1762 basi
650 1721 692 1761 in
735 1733 928 1762 racemos
963 1720 1249 1762 densissimos
1292 1720 1449 1762 breves
1488 1720 1694 1763 distichos
1728 1721 2005 1775 abeuntibus,

294 1779 410 1821 foliis
458 1779 722 1822 radicalibus
767 1780 910 1832 parvis
948 1780 1416 1833 oblongo-spatlnilatis
1459 1779 1776 1834 subpetiolatis‚
1820 1780 2003 1823 caulinis

293 1838 525 1881 latiuscule
551 1838 997 1891 oblongo-linearibus
1022 1839 1206 1883 obtusis.
1231 1839 1417 1881 bracteis
1441 1839 1679 1881 linearibus
1698 1839 1836 1881 acutis
1861 1840 2005 1893 calyce

294 1897 674 1940 subbrevioribus.
703 1899 847 1952 calyce
880 1899 1105 1940 fructifero
1134 1898 1260 1939 valde
1289 1902 1458 1940 accreto
1487 1898 1578 1940 basi
1605 1898 1753 1941 inflato
1783 1899 1854 1940 vix
1876 1899 2005 1942 indu-

291 1960 387 1999 rato
415 1957 467 1999 ad
496 1969 655 1999 nervos
682 1957 979 2010 prominentes
1003 1957 1126 2011 longe
1154 1961 1298 2000 setoso
1325 1961 1367 2000 et
1399 1958 1798 2000 albo-tuberculato
1837 1958 2003 2001 laciniis

294 2016 560 2067 longissimis
601 2016 681 2057 late
721 2016 1149 2059 lineari-lanceolatis
1186 2016 1501 2059 obtusiusculis
1542 2016 1792 2061 trinerviiS.
1832 2017 2005 2059 corollae

292 2075 422 2117 luteae
446 2076 611 2117 villosae
629 2075 733 2117 tubo
752 2075 894 2130 calyce
917 2075 1151 2129 (florifero)
1168 2076 1515 2129 sesquilongiore
1542 2076 1673 2117 limbo
1693 2089 1843 2130 parvo,
1866 2089 2002 2119 nucu-

292 2133 345 2175 lis
370 2134 598 2188 triquetris
622 2135 758 2177 acutis
782 2146 933 2187 grosse
961 2135 1261 2177 scrobiculatis
1290 2139 1331 2177 et
1356 2135 1642 2178 tuberculatis
1674 2140 1737 2186 Θ.
1775 2135 1824 2177 A.
1841 2134 2004 2188 flaves-

289 2204 393 2234 cens
420 2195 556 2237 Boiss.
584 2193 739 2246 Diagu.
770 2192 863 2235 Ser.
891 2194 922 2246 Ι,
953 2192 1020 2245 11,
1045 2208 1085 2248 p.
1120 2195 1211 2235 117,

342 2266 442 2302 Hal).
469 2268 510 2303 in
530 2269 705 2303 arenosis
731 2267 985 2310 desertorum
1012 2267 1209 2314 AEgyptus
1235 2278 1355 2315 prope
1386 2268 1574 2303 Kahiram
1606 2268 1832 2313 (Hussonl).
1855 2267 2004 2303 Arabia

321 2318 438 2350 etraea
462 2315 502 2350 in
533 2315 688 2360 regione
722 2315 880 2349 Hauara
911 2314 1098 2361 (Schimp.
1132 2315 1203 2350 398
1236 2316 1310 2350 sub
1340 2315 1441 2351 Lz'tlz.
1470 2313 1676 2354 Arnebids.
1705 2316 1848 2358 Boiss!‚
1879 2316 2000 2350 Auch.

317 2364 323 2373 ⁴
370 2362 378 2363 ’
397 2364 433 2405 l),
457 2363 496 2397 in
522 2361 677 2398 deserto
702 2362 778 2396 Tih
802 2362 982 2406 (Boissl),
1002 2362 1155 2398 deserto
1173 2363 1334 2408 Syriaco
1356 2363 1406 2398 ad
1425 2363 1652 2408 Palmyram
1679 2363 1789 2408 (Bit),
1818 2363 2004 2398 Armenia

289 2404 452 2444 Rossica
482 2409 531 2444 ad
564 2409 906 2445 Nackhitchewan
931 2409 1095 2453 (Szovl),
1121 2410 1254 2445 Persia
1281 2410 1332 2445 ad
1356 2410 1495 2446 Firouz
1525 2410 1617 2445 Kuh
1643 2410 1803 2455 (Bodel)
1835 2413 1872 2445 et
1902 2410 2003 2445 inter

289 2454 460 2503 Ispahan
480 2459 517 2492 et
537 2457 715 2492 Teheran
737 2456 885 2502 (Egel),
909 2457 1128 2493 Belutschia
1147 2457 1352 2502 (Stocksl).

338 2519 476 2555 Differt
494 2520 545 2556 ab
564 2520 613 2556 A.
635 2517 804 2556 cornuta*
826 2521 989 2555 racemis
1008 2521 1219 2557 fructiferis
1239 2521 1429 2557 brevibus
1448 2521 1707 2565 densissimis,
1728 2521 1876 2567 calycis
1900 2521 2001 2557 fruc·

289 2567 392 2602 tiferi
412 2568 537 2602 multo
557 2568 684 2612 magis
709 2567 815 2602 aucti
838 2567 933 2603 tubo
953 2578 1030 2604 non
1050 2568 1233 2604 indurato
1252 2571 1476 2615 pentagono
1502 2572 1664 2604 cornuto
1689 2572 1726 2604 et
1747 2570 1906 2604 cristato
1933 2567 2001 2603 sed

289 2615 593 2650 membranaceo
613 2614 859 2650 tuberculato
878 2619 913 2649 et
935 2615 1102 2661 hispido,
1122 2615 1274 2651 laciniis
1299 2616 1423 2651 multo
1450 2616 1667 2661 majoribus
1692 2617 1812 2662 (saepe
1839 2615 2002 2663 pollica-

284 2661 399 2697 ribus
418 2662 481 2698 2-3
499 2662 623 2698 lineas
643 2662 751 2706 latis)
769 2662 982 2698 trinerviis.
1006 2663 1169 2698 Nucula:
1189 2663 1311 2710 duplo
1331 2664 1510 2709 majores.

511 2786 531 2804 '¹
559 2793 573 2805 ·
601 2786 620 2805 ·
647 2787 774 2832 Calyx
792 2787 965 2823 fructifer
983 2790 1155 2823 accretus
1174 2788 1270 2825 tubo
1288 2788 1381 2824 laevi
1400 2788 1554 2825 laciniis
1571 2788 1776 2835 elongatis.

350 2887 391 2928 5.
418 2886 481 2930 A.
503 2886 789 2929 tinctoria
807 2885 979 2940 (Forsk.
1004 2886 1076 2939 Eg.
1103 2899 1142 2940 p.
1166 2885 1240 2940 63)
1265 2899 1422 2937 annua,
1443 2886 1578 2930 dense
1596 2890 1639 2929 et
1661 2886 1871 2940 adpresse
1891 2887 1999 2929 setis

287 2944 578 2987 tuberculatis
603 2946 880 2988 cinei-ascens
909 2957 1020 2988 nana
1047 2958 1071 2987 a
1099 2946 1189 2987 basi
1220 2945 1413 2988 breviter
1438 2958 1624 2994 ramosa,
1653 2945 1766 2988 foliis
1793 2944 2000 2999 oblongo·

290 3003 540 3046 lanceolatis
561 3004 731 3046 obtusis
762 3004 852 3046 basi
878 3005 1128 3057 attenuatis,
1155 3006 1337 3047 racemis
1366 3005 1495 3048 etiam
1520 3005 1757 3047 fructiferis
1786 3004 1997 3047 brevibus

287 3062 440 3105 densis
469 3064 688 3116 secundis,
717 3063 903 3107 bracteis
930 3063 1166 3107 linearibus
1195 3063 1361 3107 obtusis
1390 3065 1558 3118 calyces
1583 3063 1998 3119 subsuperantibus,
