2065 3271
93 282 415 332 Antkoeklamys.
822 296 1100 323 sansomcssae.
1733 287 1801 326 931

386 443 787 494 ANTfloeuLAms
813 447 948 508 (Fenzl
974 448 1014 495 in
1044 448 1162 494 Endl,
1196 447 1291 495 Gen.
1322 461 1359 509 p.
1387 447 1509 508 3⁰⁰).

148 578 297 621 Flores
331 578 676 632 hermaphroditi
710 581 988 624 ebracteolati
1026 581 1068 623 in
1104 581 1377 624 bractearum
1415 583 1558 624 axillis
1599 583 1797 627 solitarii.

91 635 369 690 Perigonium
403 638 660 681 corollinnm
698 640 1291 693 campanulato-urceolatum
1326 642 1539 694 profunde
1577 643 1795 696 quinque-

90 696 234 739 lobum
254 696 362 738 lobis
383 696 552 739 bilobis.
577 697 768 740 Stamina
793 699 989 752 quinque
1013 699 1248 742 filamentis
1270 699 1363 741 basi
1382 700 1561 742 coalitis.
1583 701 1793 744 Ovarium

87 767 390 809 compressum
418 756 762 809 substipitalum‚
798 757 899 811 styli
935 758 1023 799 bini
1058 758 1177 812 apice
1211 759 1366 800 coaliti.
1403 759 1645 802 Aclienium
1678 761 1799 803 inde-

88 814 257 856 hiscens
284 814 527 857 orbiculare
549 827 847 870 compressum
866 815 932 857 ala
950 817 1141 859 scarIOSa
1165 818 1472 869 marginatnm,
1498 819 1792 872 pericarpium

87 877 216 915 tenue
236 873 393 915 semini
421 873 666 917 adhaerens.
691 874 849 917 Semen
872 876 1090 917 verticale.
1119 875 1307 929 Embrvo
1332 876 1559 919 annularis
1584 876 1791 920 albumen

84 932 275 984 cingens.
301 955 360 961 ——-
382 933 527 974 Herba
553 945 697 976 annua
720 934 824 976 facie
855 931 1176 985 Oliyomeride's.

144 1052 179 1093 1.
211 1050 273 1093 A.
297 1049 709 1106 polygaloides
745 1050 810 1106 (F.
844 1054 886 1093 et
920 1051 973 1093 M.
999 1051 1136 1094 Index
1173 1051 1346 1107 Petrop.
1374 1053 1504 1104 1835,
1543 1066 1581 1107 p.
1617 1054 1671 1095 94
1709 1055 1791 1096 sub

82 1109 378 1165 (lor-ispermo)
413 1123 556 1152 annua
591 1110 870 1164 glaucescens
907 1114 1068 1163 praeter
1100 1111 1244 1164 apices
1276 1111 1540 1154 subvillosos
1571 1112 1732 1165 glabra,
1767 1127 1790 1157 a

79 1168 190 1211 collo
216 1168 377 1222 saepins
405 1181 592 1220 ramosa,
618 1169 738 1211 cnule
771 1172 914 1212 erecto
950 1170 1146 1212 flexuoso
1179 1169 1449 1212 divaricatim
1476 1171 1790 1222 ramosissimo,

82 1227 214 1269 ramis
240 1227 418 1280 virgatis
442 1228 723 1281 longissimis,
752 1227 863 1270 foliis
889 1228 1051 1270 infimis
1075 1231 1201 1271 ovato
1219 1229 1290 1271 vel
1317 1229 1787 1283 oblongo-spatlnnans

80 1286 382 1339 subpetiolatis
414 1286 744 1329 subuninerviis
775 1286 1040 1335 nervulosis,
1069 1286 1236 1330 caeteris
1266 1287 1516 1331 lanceolatis
1543 1292 1584 1331 et
1613 1289 1788 1331 lineari·

79 1344 175 1398 bus,
202 1345 333 1399 spicis
357 1345 568 1398 elongatis
595 1346 783 1399 primum
812 1345 1016 1389 confertis
1039 1345 1138 1388 dein
1164 1346 1285 1399 laxis,
1310 1347 1498 1389 bracteis
1532 1348 1787 1390 lanceolatis

81 1404 217 1447 aculis
256 1405 396 1446 fructu
438 1404 732 1457 brevioribus,
765 1404 976 1458 perigenii
1014 1405 1129 1447 rosei
1163 1406 1234 1447 vel
1270 1405 1356 1448 albi
1391 1405 1558 1448 laciniis
1591 1407 1787 1449 cuneatis

81 1462 249 1512 bilobis‚
270 1463 438 1506 fructus
456 1463 609 1506 minuti
634 1463 699 1505 ala
720 1463 927 1518 plicatnla
950 1463 1164 1517 diaphana
1187 1463 1365 1508 dimidio
1387 1464 1545 1508 semini
1565 1465 1787 1520 subaequi-

82 1522 163 1564 lata
195 1527 260 1572 Θ.
294 1521 345 1563 Α.
370 1521 671 1575 polygaloe‘des
703 1521 813 1576 Moq.
839 1521 1028 1577 Clienop.
1063 1521 1120 1564 Ν0
1144 1521 1262 1563 1.-
1287 1523 1416 1567 Jaub.
1447 1527 1490 1566 et
1517 1523 1589 1578 Sp.
1617 1523 1685 1566 lll.
1711 1524 1788 1567 Or.

80 1580 164 1622 tab.
193 1581 291 1623 299.

126 1654 226 1690 Hah.
264 1657 301 1690 in
329 1654 578 1701 rupestribus
604 1655 803 1690 montanis
833 1654 996 1690 ditionis
1014 1654 1357 1692 Transcaucasicae
1374 1655 1547 1703 Talysch
1565 1656 1724 1704 (Hohl),
1746 1659 1788 1695 in

79 1702 282 1738 montibus
302 1701 448 1738 Persice
465 1702 565 1738 eirea
582 1701 766 1737 Teheran
789 1702 933 1746 (Auch.
952 1702 1067 1738 5259!
1094 1701 1255 1738 Haussk
1268 1704 1307 1748 l).

124 1766 259 1803 Flores
276 1770 384 1814 grate
405 1767 558 1804 odorati
575 1778 623 1804 ex
641 1767 687 1804 cl.
708 1766 998 1804 Haussknecht.

501 1955 577 1998 Ta.
614 1955 686 1998 lv.
721 1953 1120 2000 SALICORNIEAE
1153 1956 1352 2000 Dumort.

133 2087 283 2132 Flores
316 2090 660 2144 hermaphroditi
686 2091 802 2133 terni
835 2092 1003 2147 (rarius
1037 2092 1146 2147 bini)
1179 2093 1603 2148 amentaceo-spicati
1637 2095 1779 2148 spatio

68 2160 259 2191 vconcavo
286 2148 412 2204 (ared
428 2148 665 2206 florifera)
700 2163 834 2204 supra
859 2150 1132 2194 bractearum
1159 2153 1331 2195 axillam
1359 2152 1554 2194 immersi
1583 2154 1775 2196 sessiles.

73 2205 351 2261 Perigonium
381 2209 676 2263 3·4-pl1yllum
707 2209 866 2264 phyllis
889 2210 1084 2254 connatis
1118 2212 1237 2266 apice
1261 2214 1429 2253 tantum
1454 2211 1604 2255 liberis
1634 2213 1780 2255 rarius

69 2265 125 2307 ad
148 2266 269 2309 basin
298 2278 437 2322 usque
462 2267 625 2319 liberis,
662 2269 715 2311 ob
746 2269 899 2313 dentes
927 2270 1211 2313 conniventes
1245 2273 1287 2312 et
1318 2269 1545 2324 contignos
1582 2271 1781 2314 utriculi-

71 2324 206 2367 sorme
225 2325 419 2368 clausum
440 2326 613 2369 demum
634 2328 915 2382 spongiosum
937 2329 1100 2371 vertice
1118 2329 1371 2372 scutiformi.
1390 2328 1583 2371 Stamina
1607 2330 1632 2372 2
1657 2330 1722 2373 vel
1756 2332 1772 2372 1

70 2384 238 2427 anthesi
256 2385 434 2428 ineunte
450 2385 564 2428 inter
583 2385 736 2429 dentes
755 2387 965 2440 perigenii
985 2388 1267 2442 emergentia.
1291 2387 1499 2431 Ovarium
1522 2388 1775 2442 pyriforme,

71 2443 214 2496 stylus
251 2443 342 2486 basi
380 2443 567 2498 simplex
597 2446 804 2500 superius
833 2446 1075 2489 2-3-cruris
1112 2447 1316 2490 cruribus
1357 2446 1569 2500 plumosis
1603 2447 1779 2491 demum

73 2500 195 2555 longe
221 2503 421 2545 exsertis
460 2502 618 2546 Semen
655 2504 873 2557 verticale‚
907 2506 1202 2560 pericarpinm
1231 2505 1607 2549 membranaceum
1633 2507 1779 2549 rarius

71 2558 299 2613 lignosum.
336 2561 553 2604 Albumen
599 2563 791 2606 centrale
829 2563 1051 2607 interdum
1087 2566 1271 2608 nullum.
1318 2564 1508 2618 Embryo
1553 2569 1778 2616 curvatus,

68 2619 420 2664 semiannulariS.
443 2622 667 2664 annularis
695 2622 762 2666 vel
789 2623 1130 2676 conduplicatas.
1156 2647 1213 2654 --
1234 2623 1406 2676 Herbae‚
1435 2624 1687 2666 suffrutices
1707 2624 1776 2666 vel

68 2677 327 2729 arbusculae,
353 2679 486 2721 ramis
511 2684 554 2722 et
573 2681 752 2723 ramulis
774 2682 1035 2736 plerumque
1057 2683 1311 2733 articulatis,
1331 2683 1527 2725 articulis
1548 2682 1777 2726 subclava·

71 2735 139 2778 lis.
166 2736 282 2779 Folia
307 2738 372 2781 vel
404 2739 601 2792 opposita
625 2740 669 2781 in
698 2740 894 2794 vaginam
923 2742 1094 2784 corticis
1121 2741 1247 2784 modo
1276 2741 1484 2785 articulos
1512 2740 1774 2784 vestientem

70 2793 226 2838 lamina
257 2795 510 2840 destitutam
536 2802 578 2840 et
605 2799 647 2840 in
674 2799 877 2853 eupulam
903 2800 1208 2842 brevissimam
1245 2800 1432 2842 bilobam
1457 2801 1578 2855 apice
1611 2799 1752 2842 abenn

71 2856 157 2897 tem
181 2859 378 2907 connata,
407 2855 472 2899 vel
501 2868 655 2910 sparsa
673 2861 716 2900 et
736 2862 840 2900 tune
856 2858 1033 2901 interse
1057 2859 1195 2902 libera
1212 2863 1336 2913 parte
1362 2859 1581 2912 vaginanti
1600 2860 1775 2912 obliqua

70 2910 227 2956 lamina
253 2913 321 2956 vel
349 2913 665 2958 rudimentaria
690 2917 758 2959 vel
787 2916 1067 2969 longiuscula.
1092 2917 1141 2961 In
1164 2918 1435 2972 expositione
1459 2918 1602 2961 tribus
1627 2918 1775 2960 diffici-

71 2969 183 3014 limae
205 2972 422 3027 egregiam
443 2975 800 3030 monograpliiam
825 2975 875 3019 cl.
914 2975 1092 3030 Ungern
1118 2976 1358 3030 Sternberg
1386 2977 1429 3019 in
1456 2977 1544 3020 Atti
1572 2976 1640 3019 dcl
1667 2975 1776 3019 Cou-

69 3039 224 3081 gresso
252 3031 292 3074 di
314 3031 494 3075 Firenze
523 3034 653 3085 1874,
679 3047 720 3089 p.
741 3035 826 3077 259
849 3034 1117 3089 pedetentim
1138 3039 1317 3080 secutus
1344 3049 1456 3080 sum.
