2100 3262
248 232 319 268 953
933 234 1204 262 SALSOLAGEAE.
1772 222 1940 262 Salsola.

250 313 487 358 bracteolas
513 309 774 353 orbiculatas
797 321 1004 352 concavas
1030 307 1354 363 superantibus,
1371 305 1553 349 floribus
1583 307 1790 361 oppositis
1813 319 1939 352 secus

249 374 442 417 ramulos
470 371 610 425 spicas
635 368 925 420 longiusculas
960 368 1076 409 laxas
1113 367 1178 409 vel
1210 367 1367 408 breves
1393 364 1606 408 confertas
1639 367 1939 416 formantibus,

247 430 455 487 pei'igonii
481 427 691 471 fructiferi
714 428 817 470 tubo
845 426 1101 479 subgloboso
1136 424 1504 479 longitudinaliter
1536 427 1577 465 et
1611 425 1808 468 elevatim
1841 438 1939 468 ner-

251 503 355 533 voso
382 488 500 531 arola
540 486 712 529 basilari
749 486 1072 539 subpentagona
1108 485 1273 527 laciniis
1306 483 1645 525 membranaceis
1683 483 1940 526 brevissime

247 553 290 592 et
324 549 477 590 obtuse
510 546 663 598 ovans,
695 544 788 585 aliis
816 543 1020 597 expansis
1059 543 1150 585 basi
1185 542 1417 586 attenuatis
1450 540 1700 585 orbiculatis
1731 543 1834 584 tubo
1868 544 1939 586 vix

251 608 382 660 duplo
412 605 675 658 longioribus
700 609 737 651 5.

298 681 398 716 Hal».
418 681 457 715 in
479 679 647 714 collibus
667 677 821 712 saxosis
842 676 985 721 Egypti
1004 676 1198 711 inferioris
1217 674 1265 710 ad
1286 673 1577 719 Alexandriam,
1603 674 1794 719 Aboukir‚
1820 674 1940 711 Ram-

249 729 311 764 leh
335 727 502 771 (Foi·sl(.‚
524 723 887 772 De1.‚Auch.27·24!
913 724 1008 758 Euri
1029 723 1184 758 Samar!
1206 723 1305 766 eto).

297 791 497 826 Suffrutex
516 787 779 834 semipedalis,
796 787 891 822 folia
909 786 975 821 4-5
991 787 1116 821 lineas
1131 786 1261 831 longa,
1282 785 1430 820 fructus
1450 784 1576 820 alatus
1598 784 1713 820 diam.
1735 785 1799 820 5-ss
1817 785 1942 822 lineas

250 839 365 875 latus.
384 838 446 872 Ab
469 838 540 871 lino
559 835 735 882 specifice
755 834 1067 868 diversissimam
1088 835 1271 867 autumat
1291 842 1368 867 am.
1389 832 1525 877 Bunge
1545 832 1744 868 Salsolam
1761 833 1942 878 oppositi-

245 885 389 932 folz'am
411 884 516 919 Desf.
537 898 581 915 z
599 882 637 918 S.
652 881 889 927 fruticosam
906 882 999 915 Cav.
1015 881 1065 915 Ic.
1082 880 1158 914 tab.
1176 879 1257 924 285,
1276 878 1556 924 3-4-pedale1n,
1577 879 1680 914 foliis
1697 879 1941 915 tenuioribus

249 943 353 978 saepe
373 930 641 976 pollicaribus,
662 929 780 963 ramis
799 930 835 962 et
853 928 971 974 spicis
990 927 1195 971 elongatis,
1216 927 1345 961 fructu
1363 926 1480 960 diam.
1495 937 1583 961 curn
1601 926 1674 961 alis
1689 926 1942 972 amplissimis

249 980 335 1014 9-11
362 979 429 1013 lin.
452 978 533 1012 lato
553 977 619 1011 sed
636 976 747 1021 cujus
765 978 952 1020 praeterea
975 975 1215 1009 characteres
1234 973 1362 1008 iidem.
1391 972 1432 1007 Si
1457 975 1611 1007 tantuin
1632 973 1810 1016 varietas,
1841 983 1942 1009 areae

251 1026 522 1072 geographicae
542 1024 579 1060 S.
599 1022 810 1068 Ionffifolz'cv
828 1023 957 1057 Africa
978 1021 1163 1065 borealis,
1189 1019 1327 1055 insulae
1352 1019 1619 1065 Canastenses,
1638 1020 1833 1066 Hispania
1857 1031 1943 1056 aus-

244 1074 356 1108 tralis
375 1077 412 1108 et
430 1072 563 1107 Sicilia
583 1069 772 1106 adtlendae
792 1072 894 1104 sunt.

927 1185 937 1196 '
956 1184 966 1196 '
997 1183 1251 1229 Sparsifoliae.

308 1280 372 1320 15.
411 1280 458 1318 S.
488 1274 768 1319 Auricula
795 1275 927 1328 (sit'loq.
959 1274 1092 1316 Chen.
1123 1273 1280 1314 Enum.
1310 1285 1348 1325 p.
1377 1271 1477 1325 135)
1504 1271 1595 1313 basi
1625 1270 1940 1312 suffr-utescens

244 1337 390 1389 glabra
413 1336 575 1388 glauca,
594 1335 791 1376 caulibus
815 1333 970 1374 erectis
994 1332 1203 1384 elongatis
1222 1331 1400 1385 virgatis
1423 1329 1583 1372 foliosis
1606 1341 1798 1382 superne
1824 1329 1940 1382 pani-

242 1394 654 1438 culalo-iamulosis,
684 1393 796 1434 foliis
829 1392 1008 1434 alternis
1045 1391 1249 1433 coriaceis
1283 1388 1782 1442 semiamplexicaulibus
1814 1392 1941 1430 ovato

244 1455 309 1496 vel
336 1455 511 1496 cordato
536 1452 842 1494 renitormibus
869 1451 1086 1493 interdum
1115 1449 1400 1493 subrutundis
1432 1447 1724 1489 obtusissimis
1750 1448 1814 1487 vel
1843 1446 1941 1488 bre-

242 1513 353 1556 viter
375 1513 526 1558 acutis,
552 1511 853 1563 superioribus
879 1510 1039 1552 sensim
1076 1509 1298 1551 diminutis
1333 1507 1551 1550 interdum
1587 1505 1937 1556 decurrentibus,

243 1572 465 1614 floralibus
507 1570 820 1623 bracteolisque
865 1569 1062 1611 concavis
1101 1566 1467 1616 ovato-rotundis,
1509 1566 1690 1607 floribus
1736 1565 1858 1617 longe
1899 1567 1942 1606 et

245 1631 483 1672 laxiuscnle
516 1629 705 1682 spicatis‚
741 1628 947 1682 perigonii
977 1627 1186 1669 fructiferi
1219 1627 1360 1679 magni
1399 1624 1564 1667 laciniis
1600 1623 1940 1666 membranaceis

243 1690 584 1742 triangularibus
623 1688 759 1730 acutis
800 1687 842 1729 in
881 1699 1034 1728 conum
1077 1685 1426 1734 conniventibus,
1463 1684 1539 1726 alis
1577 1695 1709 1736 supra
1750 1682 1938 1724 medium

242 1749 420 1790 insertis
444 1747 779 1790 suborbiculatis
804 1746 985 1799 integris
1009 1744 1180 1797 amplis.
1213 1744 1405 1787 antheris
1434 1742 1603 1784 muticis
1627 1748 1660 1789 5.
1691 1740 1941 1792 Carooeylon

242 1807 457 1848 Araricum
480 1808 589 1860 litoq.
617 1806 659 1847 in
688 1818 767 1847 Dc.
794 1806 944 1848 Prodr.
978 1818 1014 1859 p.
1042 1805 1134 1846 172.
1155 1828 1211 1833 —-
1229 1803 1398 1845 Sulsola
1422 1800 1711 1855 Muquim'ana
1735 1799 1770 1841 J.
1795 1804 1836 1841 et
1861 1799 1935 1853 Sp.

241 1866 302 1906 Ill.
329 1867 415 1907 tab.
452 1867 548 1907 137.

286 1939 387 1974 Hali,
409 1940 448 1974 in
469 1940 604 1975 Persia
623 1940 723 1974 inter
744 1937 918 1983 Ispahan
937 1939 974 1972 et
995 1936 1177 1972 Teheran
1198 1935 1353 1980 (Olim).

297 2004 339 2057 β.
369 2003 600 2056 arute'foli'u
630 2003 739 2056 Moq.
767 2026 819 2034 ---
848 2002 960 2044 Folia
990 2005 1115 2044 ovato
1145 2002 1214 2044 vel
1237 2000 1680 2054 oblongo-lanceolata
1705 2002 1828 2041 acuta
1852 1998 1940 2041 fere

240 2064 381 2105 omnia
407 2063 697 2110 decurrentia,
730 2062 895 2104 floralia
934 2061 1247 2115 bracteolaeque
1275 2063 1413 2102 acuta.
1445 2083 1502 2090 -
1528 2058 1777 2111 Caroxycon
1803 2057 1941 2098 acute·-

241 2122 392 2172 folium
420 2123 527 2176 Moti.
551 2123 590 2164 in
625 2135 705 2165 Dc.
735 2121 891 2163 Prodr.
922 2144 978 2152 --
1003 2119 1111 2162 δαῖε.
1140 2120 1378 2161 decurrens
1402 2118 1440 2160 J.
1466 2121 1508 2161 et
1533 2117 1604 2171 Sp.
1635 2117 1696 2158 lll.
1727 2117 1810 2158 tab.
1846 2117 1937 2158 134».

289 2196 388 2231 Hah.
421 2196 460 2230 in
487 2196 619 2231 Persia
638 2195 787 2230 boreali
812 2195 858 2229 ad
885 2194 1031 2229 salinas
1051 2193 1223 2228 Mamam
1247 2192 1423 2237 (Scidit),
1451 2191 1614 2227 australi
1640 2190 1780 2235 (Auch.
1797 2188 1940 2235 20561),

239 2244 293 2325 {nil
307 2243 716 2334 tszcgigmolffien'ifkdenja
738 2253 857 2289 prope
877 2241 1035 2276 Schiraz
1053 2241 1145 2286 (Ky.
1160 2240 1263 2285 460),
1280 2249 1402 2285 regno
1416 2239 1604 2274 Cabulico
1624 2238 1744 2283 (Griff
1753 2239 1792 2283 l),
1810 2236 1940 2272 Belut-

238 2301 335 2325 „Cili
386 2314 403 2325 i.
458 2301 545 2325 G'S.
571 2319 577 2325 .

286 2353 426 2388 Caules
446 2353 603 2398 pedales
622 2354 658 2387 et
678 2363 738 2387 ses
751 2352 984 2398 {uipedaleffi
1013 2350 1107 2387 folia
1135 2351 1175 2385 in
1208 2352 1303 2395 typo
1332 2349 1400 2385 5-9
1425 2349 1550 2384 lineas
1571 2348 1689 2392 longa
1717 2349 1754 2382 et
1782 2346 1873 2388 lata,
1899 2346 1939 2381 in

238 2401 426 2435 varietate
447 2400 628 2445 pollicem
656 2402 691 2435 et
721 2400 890 2445 amplius
914 2400 1042 2444 longa,
1069 2398 1218 2433 fructus
1245 2397 1324 2432 fere
1350 2395 1625 2442 magnitudine
1643 2394 1733 2430 Pisi.
1763 2393 1940 2429 Varietas

237 2447 361 2484 multo
382 2447 624 2492 frequentior
642 2446 798 2482 videtur
820 2449 856 2481 et
876 2446 925 2481 ad
944 2449 1083 2492 typum
1102 2445 1270 2480 transire
1291 2444 1458 2479 videtur.

301 2564 364 2604 16.
400 2561 448 2603 S.
473 2561 774 2604 lancifolia
797 2560 953 2615 (Boiss.
978 2560 1131 2612 Diagn.
1161 2559 1258 2601 Ser.
1285 2559 1316 2600 I.
1344 2558 1410 2609 12,
1440 2571 1480 2612 p.
1508 2558 1562 2599 98
1595 2556 1675 2598 sub
1700 2554 1939 2609 Curooeylo)

235 2621 382 2674 glabra
425 2621 572 2672 glauca
612 2620 704 2661 basi
740 2620 1030 2671 sut'fruticosa‚
1059 2618 1254 2660 caulibus
1290 2617 1468 2670 virgatis
1497 2615 1712 2668 angulatis
1748 2625 1939 2667 superne

235 2680 513 2734 paniculatim
542 2679 786 2727 ramulosis‚
823 2678 933 2720 foliis
969 2678 1066 2732 plus
1100 2677 1244 2719 minus
1280 2677 1404 2729 longe
1437 2674 1771 2717 decurrentibus
1800 2672 1939 2726 planis

236 2740 361 2791 longe
385 2742 423 2780 ot
451 2741 632 2791 anguste
670 2738 915 2779 lanceolatis
944 2736 1418 2787 simulato-attenuatis,
1447 2734 1674 2777 floralibus
1702 2731 1938 2774 linearibus

236 2798 478 2840 bracteolas
533 2796 823 2847 triangulares
880 2799 1027 2838 acutas
1078 2795 1412 2849 superantibus,
1469 2793 1651 2835 floribus
1701 2789 1938 2833 laxiuseule

236 2858 426 2909 spicatis,
448 2855 659 2910 pei-igonii
691 2855 900 2896 fructiferi
927 2854 1091 2896 laciniis
1115 2853 1457 2896 membranaceis
1485 2850 1825 2904 triangularibus
1842 2860 1937 2890 acu-

237 2917 290 2957 tis
314 2916 355 2957 in
382 2916 534 2958 tubum
560 2913 908 2965 conniventibus,
933 2913 1010 2955 alis
1037 2913 1177 2956 medio
1205 2913 1335 2955 dorso
1359 2912 1539 2954 insertis
1566 2909 1819 2953 orbiculatis
1849 2920 1938 2950 cre-

236 2975 408 3026 nnlatis‚
436 2975 632 3016 antberis
660 2973 832 3015 muticis
859 2977 899 3023 5.
