<?xml version="1.0" encoding="UTF-8"?>
<!DOCTYPE html PUBLIC "-//W3C//DTD XHTML 1.0 Transitional//EN"
    "http://www.w3.org/TR/xhtml1/DTD/xhtml1-transitional.dtd">
<html xmlns="http://www.w3.org/1999/xhtml" xml:lang="en" lang="en">
 <head>
  <title>
</title>
<meta http-equiv="Content-Type" content="text/html;charset=utf-8" />
  <meta name='ocr-system' content='tesseract 3.04.00' />
  <meta name='ocr-capabilities' content='ocr_page ocr_carea ocr_par ocr_line ocrx_word'/>
</head>
<body>
  <div class='ocr_page' id='page_1' title='image "./floraorientaliss04bois_0562.png"; bbox 0 0 2100 3262; ppageno 0'>
   <div class='ocr_carea' id='block_1_1' title="bbox 291 254 2011 303">
    <p class='ocr_par' dir='ltr' id='par_1_1' title="bbox 291 254 2011 303">
     <span class='ocr_line' id='line_1_1' title="bbox 291 254 2011 303; baseline 0.01 -26"><span class='ocrx_word' id='word_1_1' title='bbox 291 254 361 293; x_wconf 70' lang='lat'>554</span> <span class='ocrx_word' id='word_1_2' title='bbox 1071 261 1272 287; x_wconf 77' lang='lat' dir='ltr'><strong>LABIATAE.</strong></span> <span class='ocrx_word' id='word_1_3' title='bbox 1781 255 2011 303; x_wconf 74' lang='lat' dir='ltr'>Orzjqanum-</span> 
     </span>
    </p>
   </div>
   <div class='ocr_carea' id='block_1_2' title="bbox 285 334 2009 684">
    <p class='ocr_par' dir='ltr' id='par_1_2' title="bbox 285 334 2009 684">
     <span class='ocr_line' id='line_1_2' title="bbox 289 334 2009 394; baseline 0.001 -12"><span class='ocrx_word' id='word_1_4' title='bbox 289 338 461 382; x_wconf 60' lang='lat' dir='ltr'>caeteris</span> <span class='ocrx_word' id='word_1_5' title='bbox 489 335 724 380; x_wconf 86' lang='lat' dir='ltr'>sessilibus</span> <span class='ocrx_word' id='word_1_6' title='bbox 751 335 903 386; x_wconf 74' lang='lat' dir='ltr'>acutis,</span> <span class='ocrx_word' id='word_1_7' title='bbox 938 336 1071 389; x_wconf 89' lang='lat' dir='ltr'>spicis</span> <span class='ocrx_word' id='word_1_8' title='bbox 1111 334 1253 377; x_wconf 87' lang='lat' dir='ltr'>ovatis</span> <span class='ocrx_word' id='word_1_9' title='bbox 1289 335 1523 387; x_wconf 79' lang='lat' dir='ltr'>compactis</span> <span class='ocrx_word' id='word_1_10' title='bbox 1551 335 1594 376; x_wconf 92' lang='lat' dir='ltr'>in</span> <span class='ocrx_word' id='word_1_11' title='bbox 1630 338 1885 390; x_wconf 85' lang='lat' dir='ltr'><strong>corymbum</strong></span> <span class='ocrx_word' id='word_1_12' title='bbox 1914 342 2009 394; x_wconf 89' lang='lat' dir='ltr'>pla-</span> 
     </span>
     <span class='ocr_line' id='line_1_3' title="bbox 288 392 2007 451; baseline 0.002 -11"><span class='ocrx_word' id='word_1_13' title='bbox 288 397 541 441; x_wconf 87' lang='lat' dir='ltr'>niusculum</span> <span class='ocrx_word' id='word_1_14' title='bbox 567 395 856 451; x_wconf 89' lang='lat' dir='ltr'>compositum</span> <span class='ocrx_word' id='word_1_15' title='bbox 886 394 1121 449; x_wconf 80' lang='lat' dir='ltr'>congestis,</span> <span class='ocrx_word' id='word_1_16' title='bbox 1147 393 1261 435; x_wconf 87' lang='lat' dir='ltr'>foliis</span> <span class='ocrx_word' id='word_1_17' title='bbox 1285 392 1513 436; x_wconf 81' lang='lat' dir='ltr'>floralibus</span> <span class='ocrx_word' id='word_1_18' title='bbox 1549 394 2007 448; x_wconf 85' lang='lat' dir='ltr'>oblongo-lanceolatis</span> 
     </span>
     <span class='ocr_line' id='line_1_4' title="bbox 286 451 2004 511; baseline 0 -10"><span class='ocrx_word' id='word_1_19' title='bbox 286 456 561 511; x_wconf 88' lang='lat' dir='ltr'>pedunculos</span> <span class='ocrx_word' id='word_1_20' title='bbox 602 458 801 509; x_wconf 87' lang='lat' dir='ltr'>patentes</span> <span class='ocrx_word' id='word_1_21' title='bbox 841 465 927 496; x_wconf 90' lang='lat' dir='ltr'>non</span> <span class='ocrx_word' id='word_1_22' title='bbox 972 451 1267 508; x_wconf 75' lang='lat' dir='ltr'>aequantibus,</span> <span class='ocrx_word' id='word_1_23' title='bbox 1305 452 1492 494; x_wconf 81' lang='lat' dir='ltr'>bracteis</span> <span class='ocrx_word' id='word_1_24' title='bbox 1532 454 1819 508; x_wconf 83' lang='lat' dir='ltr'>quadrifariis</span> <span class='ocrx_word' id='word_1_25' title='bbox 1857 462 2004 501; x_wconf 88' lang='lat' dir='ltr'>ovato·</span> 
     </span>
     <span class='ocr_line' id='line_1_5' title="bbox 286 510 2004 571; baseline 0 -12"><span class='ocrx_word' id='word_1_26' title='bbox 286 515 544 559; x_wconf 83' lang='lat' dir='ltr'>orbiculatis</span> <span class='ocrx_word' id='word_1_27' title='bbox 562 513 845 557; x_wconf 86' lang='lat' dir='ltr'>acutiusculis</span> <span class='ocrx_word' id='word_1_28' title='bbox 860 513 1062 555; x_wconf 85' lang='lat' dir='ltr'>nervosis</span> <span class='ocrx_word' id='word_1_29' title='bbox 1080 510 1207 555; x_wconf 88' lang='lat' dir='ltr'>hirtis</span> <span class='ocrx_word' id='word_1_30' title='bbox 1221 510 1448 554; x_wconf 82' lang='lat' dir='ltr'>cucullatis</span> <span class='ocrx_word' id='word_1_31' title='bbox 1465 513 1611 565; x_wconf 82' lang='lat' dir='ltr'>calyce</span> <span class='ocrx_word' id='word_1_32' title='bbox 1631 513 2004 571; x_wconf 77' lang='lat' dir='ltr'>sublongioribus,</span> 
     </span>
     <span class='ocr_line' id='line_1_6' title="bbox 285 569 2001 630; baseline 0.001 -13"><span class='ocrx_word' id='word_1_33' title='bbox 285 575 430 630; x_wconf 83' lang='lat' dir='ltr'>calyce</span> <span class='ocrx_word' id='word_1_34' title='bbox 456 571 855 627; x_wconf 75' lang='lat' dir='ltr'>ovato-Spathulato</span> <span class='ocrx_word' id='word_1_35' title='bbox 880 572 1020 615; x_wconf 80' lang='lat' dir='ltr'>antire</span> <span class='ocrx_word' id='word_1_36' title='bbox 1046 571 1152 614; x_wconf 89' lang='lat' dir='ltr'>fisso</span> <span class='ocrx_word' id='word_1_37' title='bbox 1193 569 1427 613; x_wconf 88' lang='lat' dir='ltr'>unilabiato</span> <span class='ocrx_word' id='word_1_38' title='bbox 1452 571 1774 616; x_wconf 85' lang='lat' dir='ltr'>obsoletissime</span> <span class='ocrx_word' id='word_1_39' title='bbox 1802 575 2001 618; x_wconf 85' lang='lat' dir='ltr'>tridenti-</span> 
     </span>
     <span class='ocr_line' id='line_1_7' title="bbox 285 629 1752 684; baseline -0.002 -7"><span class='ocrx_word' id='word_1_40' title='bbox 285 634 443 684; x_wconf 85' lang='lat' dir='ltr'>culato,</span> <span class='ocrx_word' id='word_1_41' title='bbox 468 633 641 675; x_wconf 72' lang='lat' dir='ltr'>corollae</span> <span class='ocrx_word' id='word_1_42' title='bbox 664 631 775 675; x_wconf 87' lang='lat' dir='ltr'>albae</span> <span class='ocrx_word' id='word_1_43' title='bbox 796 630 902 674; x_wconf 85' lang='lat' dir='ltr'>tubo</span> <span class='ocrx_word' id='word_1_44' title='bbox 927 631 1097 673; x_wconf 90' lang='lat' dir='ltr'>incluso</span> <span class='ocrx_word' id='word_1_45' title='bbox 1121 637 1158 679; x_wconf 78' lang='lat'>5.</span> <span class='ocrx_word' id='word_1_46' title='bbox 1187 629 1242 672; x_wconf 91' lang='lat' dir='ltr'>Ic.</span> <span class='ocrx_word' id='word_1_47' title='bbox 1269 629 1331 672; x_wconf 90' lang='lat' dir='ltr'>Fl.</span> <span class='ocrx_word' id='word_1_48' title='bbox 1357 629 1495 672; x_wconf 87' lang='lat' dir='ltr'>Graec.</span> <span class='ocrx_word' id='word_1_49' title='bbox 1524 630 1618 674; x_wconf 86' lang='lat' dir='ltr'>tab.</span> <span class='ocrx_word' id='word_1_50' title='bbox 1654 633 1752 674; x_wconf 73' lang='lat'><strong>572.</strong></span> 
     </span>
    </p>
   </div>
   <div class='ocr_carea' id='block_1_3' title="bbox 283 703 2003 848">
    <p class='ocr_par' dir='ltr' id='par_1_3' title="bbox 283 703 2003 848">
     <span class='ocr_line' id='line_1_8' title="bbox 330 703 2002 752; baseline 0 -9"><span class='ocrx_word' id='word_1_51' title='bbox 330 706 432 743; x_wconf 87' lang='lat' dir='ltr'>Hab.</span> <span class='ocrx_word' id='word_1_52' title='bbox 451 707 492 742; x_wconf 91' lang='lat' dir='ltr'>in</span> <span class='ocrx_word' id='word_1_53' title='bbox 513 705 680 742; x_wconf 90' lang='lat' dir='ltr'>collibus</span> <span class='ocrx_word' id='word_1_54' title='bbox 698 705 871 751; x_wconf 84' lang='lat' dir='ltr'>regionis</span> <span class='ocrx_word' id='word_1_55' title='bbox 889 705 1028 741; x_wconf 86' lang='lat' dir='ltr'>calidae</span> <span class='ocrx_word' id='word_1_56' title='bbox 1045 703 1311 751; x_wconf 85' lang='lat' dir='ltr'>Peloponnesi</span> <span class='ocrx_word' id='word_1_57' title='bbox 1328 703 1493 751; x_wconf 82' lang='lat' dir='ltr'>(Sprunl</span> <span class='ocrx_word' id='word_1_58' title='bbox 1512 707 1612 751; x_wconf 71' lang='lat' dir='ltr'>etc),</span> <span class='ocrx_word' id='word_1_59' title='bbox 1642 706 1859 752; x_wconf 77' lang='lat' dir='ltr'>Cycladum</span> <span class='ocrx_word' id='word_1_60' title='bbox 1882 708 2002 752; x_wconf 73' lang='lat' dir='ltr'>(Ui-v!¹</span> 
     </span>
     <span class='ocr_line' id='line_1_9' title="bbox 284 751 2003 800; baseline 0.001 -10"><span class='ocrx_word' id='word_1_61' title='bbox 284 752 338 790; x_wconf 87' lang='lat' dir='ltr'>Or</span> <span class='ocrx_word' id='word_1_62' title='bbox 368 756 440 800; x_wconf 85' lang='lat' dir='ltr'>hl),</span> <span class='ocrx_word' id='word_1_63' title='bbox 475 754 607 789; x_wconf 89' lang='lat' dir='ltr'>Rhodi</span> <span class='ocrx_word' id='word_1_64' title='bbox 634 752 833 799; x_wconf 76' lang='lat' dir='ltr'>(Boni-gl),</span> <span class='ocrx_word' id='word_1_65' title='bbox 865 752 989 788; x_wconf 82' lang='lat' dir='ltr'>Cretae</span> <span class='ocrx_word' id='word_1_66' title='bbox 1022 751 1149 797; x_wconf 85' lang='lat' dir='ltr'>(Siebl</span> <span class='ocrx_word' id='word_1_67' title='bbox 1181 751 1302 787; x_wconf 85' lang='lat' dir='ltr'>Raull</span> <span class='ocrx_word' id='word_1_68' title='bbox 1334 751 1510 797; x_wconf 86' lang='lat' dir='ltr'>Heldrl),</span> <span class='ocrx_word' id='word_1_69' title='bbox 1542 753 1678 799; x_wconf 66' lang='lat' dir='ltr'>Lydia:</span> <span class='ocrx_word' id='word_1_70' title='bbox 1710 754 1759 789; x_wconf 83' lang='lat' dir='ltr'>ad</span> <span class='ocrx_word' id='word_1_71' title='bbox 1789 755 2003 800; x_wconf 81' lang='lat' dir='ltr'>Smyrnam.</span> 
     </span>
     <span class='ocr_line' id='line_1_10' title="bbox 283 765 1997 848; baseline 0.001 -10"><span class='ocrx_word' id='word_1_72' title='bbox 283 765 477 846; x_wconf 55' lang='lat' dir='ltr'>(Ffeischl</span> <span class='ocrx_word' id='word_1_73' title='bbox 494 801 641 846; x_wconf 82' lang='lat' dir='ltr'>Boissl)</span> <span class='ocrx_word' id='word_1_74' title='bbox 663 800 795 846; x_wconf 85' lang='lat' dir='ltr'>Lyciae</span> <span class='ocrx_word' id='word_1_75' title='bbox 813 799 967 846; x_wconf 85' lang='lat' dir='ltr'>(Bourg</span> <span class='ocrx_word' id='word_1_76' title='bbox 980 800 1017 844; x_wconf 83' lang='lat' dir='ltr'>l),</span> <span class='ocrx_word' id='word_1_77' title='bbox 1036 798 1286 846; x_wconf 76' lang='lat' dir='ltr'>Pamphyliae</span> <span class='ocrx_word' id='word_1_78' title='bbox 1305 798 1496 845; x_wconf 83' lang='lat' dir='ltr'>(Heldrl)‚</span> <span class='ocrx_word' id='word_1_79' title='bbox 1515 799 1639 846; x_wconf 73' lang='lat' dir='ltr'>Syriae</span> <span class='ocrx_word' id='word_1_80' title='bbox 1661 802 1801 839; x_wconf 80' lang='lat' dir='ltr'>(Auch.</span> <span class='ocrx_word' id='word_1_81' title='bbox 1819 813 1866 838; x_wconf 78' lang='lat' dir='ltr'>ex</span> <span class='ocrx_word' id='word_1_82' title='bbox 1881 803 1997 848; x_wconf 69' lang='lat' dir='ltr'>Bm).</span> 
     </span>
    </p>
   </div>
   <div class='ocr_carea' id='block_1_4' title="bbox 330 863 1342 912">
    <p class='ocr_par' dir='ltr' id='par_1_4' title="bbox 330 863 1342 912">
     <span class='ocr_line' id='line_1_11' title="bbox 330 863 1342 912; baseline -0.005 -9"><span class='ocrx_word' id='word_1_83' title='bbox 330 867 392 903; x_wconf 84' lang='lat' dir='ltr'>Ar.</span> <span class='ocrx_word' id='word_1_84' title='bbox 425 867 557 912; x_wconf 79' lang='lat' dir='ltr'>Geoqr.</span> <span class='ocrx_word' id='word_1_85' title='bbox 585 865 718 901; x_wconf 83' lang='lat' dir='ltr'>Sicilia</span> <span class='ocrx_word' id='word_1_86' title='bbox 736 875 806 901; x_wconf 91' lang='lat' dir='ltr'>nec</span> <span class='ocrx_word' id='word_1_87' title='bbox 827 864 1030 901; x_wconf 84' lang='lat' dir='ltr'>Dalmatia</span> <span class='ocrx_word' id='word_1_88' title='bbox 1051 864 1118 900; x_wconf 87' lang='lat' dir='ltr'>ubi</span> <span class='ocrx_word' id='word_1_89' title='bbox 1136 863 1342 899; x_wconf 87' lang='lat' dir='ltr'>indicatur.</span> 
     </span>
    </p>
   </div>
   <div class='ocr_carea' id='block_1_5' title="bbox 843 1016 1440 1076">
    <p class='ocr_par' dir='ltr' id='par_1_5' title="bbox 843 1016 1440 1076">
     <span class='ocr_line' id='line_1_12' title="bbox 843 1016 1440 1076; baseline 0.002 -12"><span class='ocrx_word' id='word_1_90' title='bbox 843 1017 1045 1065; x_wconf 82' lang='lat' dir='ltr'>THYMUS</span> <span class='ocrx_word' id='word_1_91' title='bbox 1081 1016 1148 1075; x_wconf 88' lang='lat' dir='ltr'>(L.</span> <span class='ocrx_word' id='word_1_92' title='bbox 1185 1016 1282 1065; x_wconf 79' lang='lat' dir='ltr'>Gen.</span> <span class='ocrx_word' id='word_1_93' title='bbox 1319 1016 1440 1076; x_wconf 83' lang='lat'><strong>727).</strong></span> 
     </span>
    </p>
   </div>
   <div class='ocr_carea' id='block_1_6' title="bbox 269 1141 1992 1554">
    <p class='ocr_par' dir='ltr' id='par_1_6' title="bbox 269 1141 1992 1554">
     <span class='ocr_line' id='line_1_13' title="bbox 336 1141 1992 1200; baseline 0.002 -15"><span class='ocrx_word' id='word_1_94' title='bbox 336 1141 469 1198; x_wconf 84' lang='lat' dir='ltr'>Calyx</span> <span class='ocrx_word' id='word_1_95' title='bbox 494 1145 705 1188; x_wconf 84' lang='lat' dir='ltr'>ovoideus</span> <span class='ocrx_word' id='word_1_96' title='bbox 737 1142 1042 1187; x_wconf 68' lang='lat' dir='ltr'>lO-lS-nervis</span> <span class='ocrx_word' id='word_1_97' title='bbox 1066 1141 1301 1186; x_wconf 89' lang='lat' dir='ltr'>bilabiatus</span> <span class='ocrx_word' id='word_1_98' title='bbox 1326 1143 1447 1186; x_wconf 85' lang='lat' dir='ltr'>fauce</span> <span class='ocrx_word' id='word_1_99' title='bbox 1476 1143 1673 1195; x_wconf 83' lang='lat' dir='ltr'>villosus,</span> <span class='ocrx_word' id='word_1_100' title='bbox 1704 1144 1862 1187; x_wconf 80' lang='lat' dir='ltr'>labium</span> <span class='ocrx_word' id='word_1_101' title='bbox 1891 1158 1992 1200; x_wconf 89' lang='lat' dir='ltr'>pos-</span> 
     </span>
     <span class='ocr_line' id='line_1_14' title="bbox 277 1201 1990 1256; baseline 0.003 -13"><span class='ocrx_word' id='word_1_102' title='bbox 277 1201 410 1245; x_wconf 84' lang='lat' dir='ltr'>ticum</span> <span class='ocrx_word' id='word_1_103' title='bbox 435 1203 567 1246; x_wconf 86' lang='lat' dir='ltr'>latum</span> <span class='ocrx_word' id='word_1_104' title='bbox 592 1204 878 1247; x_wconf 84' lang='lat' dir='ltr'>tridentatum</span> <span class='ocrx_word' id='word_1_105' title='bbox 906 1201 1111 1245; x_wconf 77' lang='lat' dir='ltr'>dentibus</span> <span class='ocrx_word' id='word_1_106' title='bbox 1135 1202 1480 1256; x_wconf 79' lang='lat' dir='ltr'>triangularibus</span> <span class='ocrx_word' id='word_1_107' title='bbox 1503 1204 1573 1245; x_wconf 86' lang='lat' dir='ltr'>vel</span> <span class='ocrx_word' id='word_1_108' title='bbox 1600 1203 1864 1256; x_wconf 79' lang='lat' dir='ltr'>lanceolatis‚</span> <span class='ocrx_word' id='word_1_109' title='bbox 1887 1208 1990 1249; x_wconf 81' lang='lat' dir='ltr'>anti-</span> 
     </span>
     <span class='ocr_line' id='line_1_15' title="bbox 277 1261 1987 1308; baseline 0.003 -5"><span class='ocrx_word' id='word_1_110' title='bbox 277 1271 374 1304; x_wconf 88' lang='lat' dir='ltr'>cum</span> <span class='ocrx_word' id='word_1_111' title='bbox 411 1262 618 1306; x_wconf 82' lang='lat' dir='ltr'>dentibus</span> <span class='ocrx_word' id='word_1_112' title='bbox 650 1263 765 1305; x_wconf 85' lang='lat' dir='ltr'>binis</span> <span class='ocrx_word' id='word_1_113' title='bbox 794 1261 1012 1305; x_wconf 84' lang='lat' dir='ltr'>subulatis</span> <span class='ocrx_word' id='word_1_114' title='bbox 1046 1264 1266 1305; x_wconf 76' lang='lat' dir='ltr'>constans.</span> <span class='ocrx_word' id='word_1_115' title='bbox 1302 1262 1485 1305; x_wconf 86' lang='lat' dir='ltr'>Corollac</span> <span class='ocrx_word' id='word_1_116' title='bbox 1516 1262 1651 1304; x_wconf 89' lang='lat' dir='ltr'>tubus</span> <span class='ocrx_word' id='word_1_117' title='bbox 1685 1263 1884 1306; x_wconf 91' lang='lat' dir='ltr'>inclusus</span> <span class='ocrx_word' id='word_1_118' title='bbox 1922 1267 1987 1308; x_wconf 85' lang='lat' dir='ltr'>vel</span> 
     </span>
     <span class='ocr_line' id='line_1_16' title="bbox 276 1320 1986 1376; baseline 0.002 -14"><span class='ocrx_word' id='word_1_119' title='bbox 276 1325 481 1364; x_wconf 84' lang='lat' dir='ltr'>exsertus</span> <span class='ocrx_word' id='word_1_120' title='bbox 505 1322 624 1365; x_wconf 86' lang='lat' dir='ltr'>intus</span> <span class='ocrx_word' id='word_1_121' title='bbox 647 1322 804 1371; x_wconf 89' lang='lat' dir='ltr'>nudus,</span> <span class='ocrx_word' id='word_1_122' title='bbox 829 1320 950 1363; x_wconf 90' lang='lat' dir='ltr'>limbi</span> <span class='ocrx_word' id='word_1_123' title='bbox 978 1320 1256 1364; x_wconf 89' lang='lat' dir='ltr'>subbilabiati</span> <span class='ocrx_word' id='word_1_124' title='bbox 1294 1321 1458 1364; x_wconf 86' lang='lat' dir='ltr'>labium</span> <span class='ocrx_word' id='word_1_125' title='bbox 1483 1321 1704 1375; x_wconf 66' lang='lat' dir='ltr'>posticum,</span> <span class='ocrx_word' id='word_1_126' title='bbox 1722 1322 1986 1376; x_wconf 89' lang='lat' dir='ltr'>subplanum</span> 
     </span>
     <span class='ocr_line' id='line_1_17' title="bbox 274 1379 1990 1435; baseline 0.002 -13"><span class='ocrx_word' id='word_1_127' title='bbox 274 1384 491 1427; x_wconf 84' lang='lat' dir='ltr'>retusum,</span> <span class='ocrx_word' id='word_1_128' title='bbox 519 1382 708 1424; x_wconf 83' lang='lat' dir='ltr'>anticum</span> <span class='ocrx_word' id='word_1_129' title='bbox 736 1384 888 1435; x_wconf 87' lang='lat' dir='ltr'>pateus</span> <span class='ocrx_word' id='word_1_130' title='bbox 910 1379 1121 1423; x_wconf 86' lang='lat' dir='ltr'>trifidum.</span> <span class='ocrx_word' id='word_1_131' title='bbox 1141 1379 1333 1423; x_wconf 84' lang='lat' dir='ltr'>Stamina</span> <span class='ocrx_word' id='word_1_132' title='bbox 1351 1383 1378 1423; x_wconf 80' lang='lat'>4</span> <span class='ocrx_word' id='word_1_133' title='bbox 1404 1384 1521 1423; x_wconf 90' lang='lat' dir='ltr'>recta</span> <span class='ocrx_word' id='word_1_134' title='bbox 1545 1380 1764 1431; x_wconf 66' lang='lat' dir='ltr'>distantia,</span> <span class='ocrx_word' id='word_1_135' title='bbox 1793 1383 1990 1426; x_wconf 70' lang='lat' dir='ltr'>anthera&gt;</span> 
     </span>
     <span class='ocr_line' id='line_1_18' title="bbox 269 1438 1987 1496; baseline 0.002 -15"><span class='ocrx_word' id='word_1_136' title='bbox 269 1438 534 1482; x_wconf 87' lang='lat' dir='ltr'>biloculares</span> <span class='ocrx_word' id='word_1_137' title='bbox 552 1441 704 1483; x_wconf 87' lang='lat' dir='ltr'>loculis</span> <span class='ocrx_word' id='word_1_138' title='bbox 724 1439 946 1496; x_wconf 82' lang='lat' dir='ltr'>parallelis</span> <span class='ocrx_word' id='word_1_139' title='bbox 962 1439 1030 1482; x_wconf 86' lang='lat' dir='ltr'>vel</span> <span class='ocrx_word' id='word_1_140' title='bbox 1048 1439 1394 1492; x_wconf 83' lang='lat' dir='ltr'>divergentibus.</span> <span class='ocrx_word' id='word_1_141' title='bbox 1423 1438 1573 1494; x_wconf 84' lang='lat' dir='ltr'>Stylus</span> <span class='ocrx_word' id='word_1_142' title='bbox 1601 1440 1774 1483; x_wconf 81' lang='lat' dir='ltr'>bitidus.</span> <span class='ocrx_word' id='word_1_143' title='bbox 1801 1439 1987 1485; x_wconf 82' lang='lat' dir='ltr'>Nuculae</span> 
     </span>
     <span class='ocr_line' id='line_1_19' title="bbox 270 1497 1797 1554; baseline 0 -14"><span class='ocrx_word' id='word_1_144' title='bbox 270 1502 410 1542; x_wconf 83' lang='lat' dir='ltr'>ovatae</span> <span class='ocrx_word' id='word_1_145' title='bbox 435 1500 502 1541; x_wconf 86' lang='lat' dir='ltr'>vel</span> <span class='ocrx_word' id='word_1_146' title='bbox 531 1499 728 1554; x_wconf 61' lang='lat' dir='ltr'>oblongae</span> <span class='ocrx_word' id='word_1_147' title='bbox 751 1501 897 1542; x_wconf 82' lang='lat' dir='ltr'>laeves.</span> <span class='ocrx_word' id='word_1_148' title='bbox 925 1523 984 1528; x_wconf 97' lang='lat'><strong>—</strong></span> <span class='ocrx_word' id='word_1_149' title='bbox 1006 1497 1164 1542; x_wconf 83' lang='lat' dir='ltr'>Herbae</span> <span class='ocrx_word' id='word_1_150' title='bbox 1189 1510 1405 1552; x_wconf 78' lang='lat' dir='ltr'>perennes</span> <span class='ocrx_word' id='word_1_151' title='bbox 1431 1500 1498 1541; x_wconf 90' lang='lat' dir='ltr'>vel</span> <span class='ocrx_word' id='word_1_152' title='bbox 1525 1499 1797 1542; x_wconf 83' lang='lat' dir='ltr'>suffrutices.</span> 
     </span>
    </p>
   </div>
   <div class='ocr_carea' id='block_1_7' title="bbox 274 1640 1983 1747">
    <p class='ocr_par' dir='ltr' id='par_1_7' title="bbox 274 1640 1983 1747">
     <span class='ocr_line' id='line_1_20' title="bbox 274 1640 1983 1699; baseline 0.002 -14"><span class='ocrx_word' id='word_1_153' title='bbox 274 1640 397 1686; x_wconf 69' lang='lat' dir='ltr'>Sacr.</span> <span class='ocrx_word' id='word_1_154' title='bbox 432 1645 463 1686; x_wconf 95' lang='grc' dir='ltr'>Ι.</span> <span class='ocrx_word' id='word_1_155' title='bbox 500 1643 773 1687; x_wconf 80' lang='lat' dir='ltr'>SERPYLLUM.</span> <span class='ocrx_word' id='word_1_156' title='bbox 803 1669 853 1675; x_wconf 92' lang='lat'>-—</span> <span class='ocrx_word' id='word_1_157' title='bbox 882 1643 1015 1699; x_wconf 85' lang='lat' dir='ltr'>Calyx</span> <span class='ocrx_word' id='word_1_158' title='bbox 1052 1649 1184 1691; x_wconf 87' lang='lat' dir='ltr'>teres,</span> <span class='ocrx_word' id='word_1_159' title='bbox 1218 1643 1391 1686; x_wconf 76' lang='lat' dir='ltr'>corollae</span> <span class='ocrx_word' id='word_1_160' title='bbox 1419 1643 1551 1687; x_wconf 87' lang='lat' dir='ltr'>tubus</span> <span class='ocrx_word' id='word_1_161' title='bbox 1579 1644 1777 1687; x_wconf 88' lang='lat' dir='ltr'>inclusus</span> <span class='ocrx_word' id='word_1_162' title='bbox 1813 1645 1879 1687; x_wconf 88' lang='lat' dir='ltr'>vel</span> <span class='ocrx_word' id='word_1_163' title='bbox 1909 1646 1983 1690; x_wconf 78' lang='lat' dir='ltr'>vix</span> 
     </span>
     <span class='ocr_line' id='line_1_21' title="bbox 1022 1706 1239 1747; baseline -0.005 -1"><span class='ocrx_word' id='word_1_164' title='bbox 1022 1706 1239 1747; x_wconf 82' lang='lat' dir='ltr'>exsertus.</span> 
     </span>
    </p>
   </div>
   <div class='ocr_carea' id='block_1_8' title="bbox 251 1810 1982 2520">
    <p class='ocr_par' dir='ltr' id='par_1_8' title="bbox 251 1810 1982 2520">
     <span class='ocr_line' id='line_1_22' title="bbox 327 1810 1978 1868; baseline 0 -14"><span class='ocrx_word' id='word_1_165' title='bbox 327 1810 365 1854; x_wconf 81' lang='lat'>1.</span> <span class='ocrx_word' id='word_1_166' title='bbox 401 1812 454 1855; x_wconf 90' lang='grc' dir='ltr'>Τ.</span> <span class='ocrx_word' id='word_1_167' title='bbox 490 1811 852 1857; x_wconf 80' lang='lat' dir='ltr'>teucrioides</span> <span class='ocrx_word' id='word_1_168' title='bbox 885 1813 1054 1868; x_wconf 76' lang='lat' dir='ltr'>(Boiss.</span> <span class='ocrx_word' id='word_1_169' title='bbox 1101 1816 1144 1855; x_wconf 90' lang='lat' dir='ltr'>et</span> <span class='ocrx_word' id='word_1_170' title='bbox 1172 1811 1269 1866; x_wconf 88' lang='lat' dir='ltr'>Spr.</span> <span class='ocrx_word' id='word_1_171' title='bbox 1297 1812 1459 1865; x_wconf 74' lang='lat' dir='ltr'>DIagn.</span> <span class='ocrx_word' id='word_1_172' title='bbox 1503 1811 1599 1853; x_wconf 86' lang='lat' dir='ltr'>Ser.</span> <span class='ocrx_word' id='word_1_173' title='bbox 1642 1811 1667 1854; x_wconf 92' lang='lat' dir='ltr'>l.</span> <span class='ocrx_word' id='word_1_174' title='bbox 1705 1826 1742 1866; x_wconf 88' lang='lat' dir='ltr'>p.</span> <span class='ocrx_word' id='word_1_175' title='bbox 1784 1811 1854 1865; x_wconf 79' lang='lat'>15)</span> <span class='ocrx_word' id='word_1_176' title='bbox 1892 1813 1978 1856; x_wconf 86' lang='lat' dir='ltr'>suf-</span> 
     </span>
     <span class='ocr_line' id='line_1_23' title="bbox 264 1869 1982 1926; baseline 0.002 -15"><span class='ocrx_word' id='word_1_177' title='bbox 264 1869 512 1914; x_wconf 84' lang='lat' dir='ltr'>frutescens</span> <span class='ocrx_word' id='word_1_178' title='bbox 552 1872 901 1916; x_wconf 85' lang='lat' dir='ltr'>ramosissimus.</span> <span class='ocrx_word' id='word_1_179' title='bbox 944 1873 1076 1915; x_wconf 90' lang='lat' dir='ltr'>ramis</span> <span class='ocrx_word' id='word_1_180' title='bbox 1119 1872 1316 1914; x_wconf 84' lang='lat' dir='ltr'>breviter</span> <span class='ocrx_word' id='word_1_181' title='bbox 1354 1872 1585 1926; x_wconf 78' lang='lat' dir='ltr'>puberulis</span> <span class='ocrx_word' id='word_1_182' title='bbox 1628 1871 1719 1913; x_wconf 89' lang='lat' dir='ltr'>basi</span> <span class='ocrx_word' id='word_1_183' title='bbox 1761 1871 1982 1914; x_wconf 84' lang='lat' dir='ltr'>induratis</span> 
     </span>
     <span class='ocr_line' id='line_1_24' title="bbox 263 1930 1977 1986; baseline 0.001 -14"><span class='ocrx_word' id='word_1_184' title='bbox 263 1930 656 1984; x_wconf 82' lang='lat' dir='ltr'>procumbentibus</span> <span class='ocrx_word' id='word_1_185' title='bbox 682 1931 782 1974; x_wconf 90' lang='lat' dir='ltr'>dein</span> <span class='ocrx_word' id='word_1_186' title='bbox 809 1932 968 1975; x_wconf 88' lang='lat' dir='ltr'>erectis</span> <span class='ocrx_word' id='word_1_187' title='bbox 998 1931 1188 1986; x_wconf 88' lang='lat' dir='ltr'>pumilis‚</span> <span class='ocrx_word' id='word_1_188' title='bbox 1225 1932 1338 1974; x_wconf 89' lang='lat' dir='ltr'>foliis</span> <span class='ocrx_word' id='word_1_189' title='bbox 1371 1930 1551 1973; x_wconf 87' lang='lat' dir='ltr'>minutis</span> <span class='ocrx_word' id='word_1_190' title='bbox 1587 1930 1803 1984; x_wconf 76' lang='lat' dir='ltr'>petiolatis</span> <span class='ocrx_word' id='word_1_191' title='bbox 1832 1934 1977 1973; x_wconf 85' lang='lat' dir='ltr'>ovato-</span> 
     </span>
     <span class='ocr_line' id='line_1_25' title="bbox 260 1988 1971 2044; baseline 0.001 -13"><span class='ocrx_word' id='word_1_192' title='bbox 260 1988 482 2033; x_wconf 86' lang='lat' dir='ltr'>rhombeis</span> <span class='ocrx_word' id='word_1_193' title='bbox 507 1991 824 2034; x_wconf 83' lang='lat' dir='ltr'>obtusiusculis</span> <span class='ocrx_word' id='word_1_194' title='bbox 847 1991 1349 2044; x_wconf 84' lang='lat' dir='ltr'>glanduloso-punctatis</span> <span class='ocrx_word' id='word_1_195' title='bbox 1377 1989 1534 2033; x_wconf 86' lang='lat' dir='ltr'>subtus</span> <span class='ocrx_word' id='word_1_196' title='bbox 1562 1989 1754 2032; x_wconf 88' lang='lat' dir='ltr'>obsolete</span> <span class='ocrx_word' id='word_1_197' title='bbox 1781 1989 1971 2043; x_wconf 87' lang='lat' dir='ltr'>puberu-</span> 
     </span>
     <span class='ocr_line' id='line_1_26' title="bbox 260 2046 1976 2105; baseline 0.001 -16"><span class='ocrx_word' id='word_1_198' title='bbox 260 2046 328 2100; x_wconf 85' lang='lat' dir='ltr'>lis‚</span> <span class='ocrx_word' id='word_1_199' title='bbox 356 2049 584 2093; x_wconf 87' lang='lat' dir='ltr'>floralibus</span> <span class='ocrx_word' id='word_1_200' title='bbox 611 2051 910 2094; x_wconf 69' lang='lat' dir='ltr'>conformibus</span> <span class='ocrx_word' id='word_1_201' title='bbox 938 2051 1064 2105; x_wconf 87' lang='lat' dir='ltr'>paulo</span> <span class='ocrx_word' id='word_1_202' title='bbox 1084 2050 1344 2096; x_wconf 88' lang='lat' dir='ltr'>minoribus,</span> <span class='ocrx_word' id='word_1_203' title='bbox 1371 2049 1693 2092; x_wconf 84' lang='lat' dir='ltr'>verticillastris</span> <span class='ocrx_word' id='word_1_204' title='bbox 1712 2049 1976 2091; x_wconf 82' lang='lat' dir='ltr'>axillaribus.</span> 
     </span>
     <span class='ocr_line' id='line_1_27' title="bbox 260 2108 1969 2164; baseline 0 -15"><span class='ocrx_word' id='word_1_205' title='bbox 260 2108 477 2152; x_wconf 78' lang='lat' dir='ltr'>2·6-ssoris</span> <span class='ocrx_word' id='word_1_206' title='bbox 505 2110 722 2152; x_wconf 83' lang='lat' dir='ltr'>distinctis</span> <span class='ocrx_word' id='word_1_207' title='bbox 748 2122 842 2153; x_wconf 62' lang='lat' dir='ltr'>laxe</span> <span class='ocrx_word' id='word_1_208' title='bbox 868 2110 1059 2163; x_wconf 60' lang='lat' dir='ltr'>spicatis3</span> <span class='ocrx_word' id='word_1_209' title='bbox 1080 2109 1304 2164; x_wconf 89' lang='lat' dir='ltr'>pedicellis</span> <span class='ocrx_word' id='word_1_210' title='bbox 1323 2109 1456 2164; x_wconf 85' lang='lat' dir='ltr'>calyci</span> <span class='ocrx_word' id='word_1_211' title='bbox 1483 2109 1758 2162; x_wconf 80' lang='lat' dir='ltr'>aequilongis‚</span> <span class='ocrx_word' id='word_1_212' title='bbox 1782 2108 1969 2151; x_wconf 78' lang='lat' dir='ltr'>bracteis</span> 
     </span>
     <span class='ocr_line' id='line_1_28' title="bbox 261 2166 1972 2222; baseline -0.001 -11"><span class='ocrx_word' id='word_1_213' title='bbox 261 2166 458 2222; x_wconf 81' lang='lat' dir='ltr'>oblongis</span> <span class='ocrx_word' id='word_1_214' title='bbox 482 2168 696 2222; x_wconf 86' lang='lat' dir='ltr'>pedicello</span> <span class='ocrx_word' id='word_1_215' title='bbox 721 2169 1013 2219; x_wconf 82' lang='lat' dir='ltr'>brevioribus,</span> <span class='ocrx_word' id='word_1_216' title='bbox 1050 2168 1208 2222; x_wconf 88' lang='lat' dir='ltr'>calycis</span> <span class='ocrx_word' id='word_1_217' title='bbox 1237 2169 1435 2211; x_wconf 87' lang='lat' dir='ltr'>breviter</span> <span class='ocrx_word' id='word_1_218' title='bbox 1467 2168 1759 2221; x_wconf 88' lang='lat' dir='ltr'>campanulati</span> <span class='ocrx_word' id='word_1_219' title='bbox 1794 2167 1846 2209; x_wconf 86' lang='lat' dir='ltr'>ad</span> <span class='ocrx_word' id='word_1_220' title='bbox 1883 2179 1972 2210; x_wconf 91' lang='lat' dir='ltr'>me-</span> 
     </span>
     <span class='ocr_line' id='line_1_29' title="bbox 259 2225 1970 2283; baseline 0 -15"><span class='ocrx_word' id='word_1_221' title='bbox 259 2225 379 2270; x_wconf 90' lang='lat' dir='ltr'>dium</span> <span class='ocrx_word' id='word_1_222' title='bbox 408 2227 599 2271; x_wconf 85' lang='lat' dir='ltr'>bilabiati</span> <span class='ocrx_word' id='word_1_223' title='bbox 626 2228 764 2283; x_wconf 82' lang='lat' dir='ltr'>glabri</span> <span class='ocrx_word' id='word_1_224' title='bbox 790 2229 858 2271; x_wconf 87' lang='lat' dir='ltr'>vel</span> <span class='ocrx_word' id='word_1_225' title='bbox 883 2229 1082 2281; x_wconf 80' lang='lat' dir='ltr'>pruinosi</span> <span class='ocrx_word' id='word_1_226' title='bbox 1110 2228 1204 2270; x_wconf 90' lang='lat' dir='ltr'>basi</span> <span class='ocrx_word' id='word_1_227' title='bbox 1228 2227 1429 2281; x_wconf 83' lang='lat' dir='ltr'>subgibbi</span> <span class='ocrx_word' id='word_1_228' title='bbox 1466 2226 1575 2269; x_wconf 90' lang='lat' dir='ltr'>labio</span> <span class='ocrx_word' id='word_1_229' title='bbox 1600 2227 1831 2281; x_wconf 85' lang='lat' dir='ltr'>superiore</span> <span class='ocrx_word' id='word_1_230' title='bbox 1867 2226 1970 2268; x_wconf 90' lang='lat' dir='ltr'>sub—</span> 
     </span>
     <span class='ocr_line' id='line_1_30' title="bbox 255 2284 1970 2341; baseline 0 -13"><span class='ocrx_word' id='word_1_231' title='bbox 255 2284 460 2329; x_wconf 86' lang='lat' dir='ltr'>breviore</span> <span class='ocrx_word' id='word_1_232' title='bbox 485 2286 691 2331; x_wconf 86' lang='lat' dir='ltr'>dentibus</span> <span class='ocrx_word' id='word_1_233' title='bbox 716 2286 859 2330; x_wconf 89' lang='lat' dir='ltr'>tribus</span> <span class='ocrx_word' id='word_1_234' title='bbox 885 2287 1082 2332; x_wconf 82' lang='lat' dir='ltr'>breviter</span> <span class='ocrx_word' id='word_1_235' title='bbox 1099 2291 1142 2330; x_wconf 88' lang='lat' dir='ltr'>et</span> <span class='ocrx_word' id='word_1_236' title='bbox 1166 2288 1252 2331; x_wconf 85' lang='lat' dir='ltr'>late</span> <span class='ocrx_word' id='word_1_237' title='bbox 1278 2285 1624 2341; x_wconf 83' lang='lat' dir='ltr'>triangularibus</span> <span class='ocrx_word' id='word_1_238' title='bbox 1651 2285 1970 2328; x_wconf 83' lang='lat' dir='ltr'>mucronulatis</span> 
     </span>
     <span class='ocr_line' id='line_1_31' title="bbox 251 2343 1965 2396; baseline 0 -10"><span class='ocrx_word' id='word_1_239' title='bbox 251 2343 459 2390; x_wconf 87' lang='lat' dir='ltr'>inferiore</span> <span class='ocrx_word' id='word_1_240' title='bbox 490 2347 528 2388; x_wconf 87' lang='lat' dir='ltr'>in</span> <span class='ocrx_word' id='word_1_241' title='bbox 560 2346 713 2391; x_wconf 82' lang='lat' dir='ltr'>dentes</span> <span class='ocrx_word' id='word_1_242' title='bbox 736 2358 758 2387; x_wconf 91' lang='lat' dir='ltr'>a</span> <span class='ocrx_word' id='word_1_243' title='bbox 784 2347 877 2390; x_wconf 91' lang='lat' dir='ltr'>basi</span> <span class='ocrx_word' id='word_1_244' title='bbox 906 2347 1143 2391; x_wconf 71' lang='lat' dir='ltr'>lanceolata</span> <span class='ocrx_word' id='word_1_245' title='bbox 1171 2347 1399 2389; x_wconf 85' lang='lat' dir='ltr'>subulatos</span> <span class='ocrx_word' id='word_1_246' title='bbox 1422 2345 1588 2389; x_wconf 88' lang='lat' dir='ltr'>ciliatos</span> <span class='ocrx_word' id='word_1_247' title='bbox 1616 2346 1669 2387; x_wconf 89' lang='lat' dir='ltr'>ad</span> <span class='ocrx_word' id='word_1_248' title='bbox 1698 2345 1820 2387; x_wconf 92' lang='lat' dir='ltr'>basin</span> <span class='ocrx_word' id='word_1_249' title='bbox 1848 2344 1965 2396; x_wconf 84' lang='lat' dir='ltr'>fisso,</span> 
     </span>
     <span class='ocr_line' id='line_1_32' title="bbox 252 2403 1965 2462; baseline -0.001 -17"><span class='ocrx_word' id='word_1_250' title='bbox 252 2404 425 2448; x_wconf 84' lang='lat' dir='ltr'>corollae</span> <span class='ocrx_word' id='word_1_251' title='bbox 466 2417 604 2448; x_wconf 64' lang='lat' dir='ltr'>rosere</span> <span class='ocrx_word' id='word_1_252' title='bbox 637 2405 791 2462; x_wconf 75' lang='lat' dir='ltr'>amplae</span> <span class='ocrx_word' id='word_1_253' title='bbox 826 2407 932 2450; x_wconf 87' lang='lat' dir='ltr'>tubo</span> <span class='ocrx_word' id='word_1_254' title='bbox 969 2406 1167 2450; x_wconf 86' lang='lat' dir='ltr'>breviter</span> <span class='ocrx_word' id='word_1_255' title='bbox 1204 2409 1380 2448; x_wconf 85' lang='lat' dir='ltr'>exserto</span> <span class='ocrx_word' id='word_1_256' title='bbox 1415 2411 1474 2453; x_wconf 72' lang='grc'>24.</span> <span class='ocrx_word' id='word_1_257' title='bbox 1521 2404 1563 2446; x_wconf 89' lang='grc' dir='ltr'>Τ.</span> <span class='ocrx_word' id='word_1_258' title='bbox 1604 2403 1862 2460; x_wconf 74' lang='lat' dir='ltr'>yravcolcns</span> <span class='ocrx_word' id='word_1_259' title='bbox 1902 2403 1965 2445; x_wconf 88' lang='lat' dir='ltr'>Fl.</span> 
     </span>
     <span class='ocr_line' id='line_1_33' title="bbox 252 2461 1123 2520; baseline 0.002 -14"><span class='ocrx_word' id='word_1_260' title='bbox 252 2461 391 2507; x_wconf 85' lang='lat' dir='ltr'>Graec.</span> <span class='ocrx_word' id='word_1_261' title='bbox 415 2465 490 2513; x_wconf 83' lang='lat' dir='ltr'>VI,</span> <span class='ocrx_word' id='word_1_262' title='bbox 519 2479 559 2520; x_wconf 88' lang='lat' dir='ltr'>p.</span> <span class='ocrx_word' id='word_1_263' title='bbox 589 2467 659 2517; x_wconf 85' lang='lat'>61,</span> <span class='ocrx_word' id='word_1_264' title='bbox 680 2466 768 2509; x_wconf 86' lang='lat' dir='ltr'>tab.</span> <span class='ocrx_word' id='word_1_265' title='bbox 799 2467 883 2508; x_wconf 82' lang='lat'>576</span> <span class='ocrx_word' id='word_1_266' title='bbox 910 2478 997 2509; x_wconf 89' lang='lat' dir='ltr'>non</span> <span class='ocrx_word' id='word_1_267' title='bbox 1018 2465 1123 2508; x_wconf 79' lang='grc' dir='ltr'>ΜΒ.</span> 
     </span>
    </p>
   </div>
   <div class='ocr_carea' id='block_1_9' title="bbox 249 2537 1972 2633">
    <p class='ocr_par' dir='ltr' id='par_1_9' title="bbox 249 2537 1972 2633">
     <span class='ocr_line' id='line_1_34' title="bbox 297 2537 1972 2586; baseline -0.001 -12"><span class='ocrx_word' id='word_1_268' title='bbox 297 2537 399 2574; x_wconf 85' lang='lat' dir='ltr'>Hah.</span> <span class='ocrx_word' id='word_1_269' title='bbox 419 2539 459 2574; x_wconf 91' lang='lat' dir='ltr'>in</span> <span class='ocrx_word' id='word_1_270' title='bbox 479 2540 636 2585; x_wconf 78' lang='lat' dir='ltr'>regione</span> <span class='ocrx_word' id='word_1_271' title='bbox 655 2539 789 2586; x_wconf 80' lang='lat' dir='ltr'>alpina</span> <span class='ocrx_word' id='word_1_272' title='bbox 809 2540 994 2576; x_wconf 82' lang='lat' dir='ltr'>Parnassi</span> <span class='ocrx_word' id='word_1_273' title='bbox 1012 2539 1168 2584; x_wconf 62' lang='lat' dir='ltr'>(silita.</span> <span class='ocrx_word' id='word_1_274' title='bbox 1187 2539 1334 2575; x_wconf 85' lang='lat' dir='ltr'>Heldr!</span> <span class='ocrx_word' id='word_1_275' title='bbox 1355 2538 1513 2586; x_wconf 72' lang='lat' dir='ltr'>OrphD,</span> <span class='ocrx_word' id='word_1_276' title='bbox 1535 2542 1667 2575; x_wconf 87' lang='lat' dir='ltr'>monte</span> <span class='ocrx_word' id='word_1_277' title='bbox 1686 2537 1775 2573; x_wconf 84' lang='lat' dir='ltr'>AEta</span> <span class='ocrx_word' id='word_1_278' title='bbox 1793 2539 1829 2573; x_wconf 83' lang='lat' dir='ltr'>et</span> <span class='ocrx_word' id='word_1_279' title='bbox 1846 2548 1972 2585; x_wconf 81' lang='lat' dir='ltr'>prope</span> 
     </span>
     <span class='ocr_line' id='line_1_35' title="bbox 249 2582 1478 2633; baseline 0 -12"><span class='ocrx_word' id='word_1_280' title='bbox 249 2582 388 2621; x_wconf 88' lang='lat' dir='ltr'>Zeitun</span> <span class='ocrx_word' id='word_1_281' title='bbox 407 2586 553 2633; x_wconf 80' lang='lat' dir='ltr'>(Sprun</span> <span class='ocrx_word' id='word_1_282' title='bbox 565 2589 602 2632; x_wconf 73' lang='lat' dir='ltr'>l),</span> <span class='ocrx_word' id='word_1_283' title='bbox 620 2590 753 2623; x_wconf 85' lang='lat' dir='ltr'>monte</span> <span class='ocrx_word' id='word_1_284' title='bbox 770 2587 956 2623; x_wconf 85' lang='lat' dir='ltr'>Chelmos</span> <span class='ocrx_word' id='word_1_285' title='bbox 977 2587 1137 2623; x_wconf 84' lang='lat' dir='ltr'>Achaiae</span> <span class='ocrx_word' id='word_1_286' title='bbox 1154 2587 1261 2623; x_wconf 74' lang='lat'><strong>7000’</strong></span> <span class='ocrx_word' id='word_1_287' title='bbox 1283 2587 1429 2631; x_wconf 77' lang='lat' dir='ltr'>[Heldr</span> <span class='ocrx_word' id='word_1_288' title='bbox 1441 2587 1478 2632; x_wconf 81' lang='lat' dir='ltr'>l).</span> 
     </span>
    </p>
   </div>
   <div class='ocr_carea' id='block_1_10' title="bbox 248 2647 1964 2839">
    <p class='ocr_par' dir='ltr' id='par_1_10' title="bbox 248 2647 1964 2839">
     <span class='ocr_line' id='line_1_36' title="bbox 297 2647 1964 2698; baseline -0.001 -14"><span class='ocrx_word' id='word_1_289' title='bbox 297 2647 413 2685; x_wconf 88' lang='lat' dir='ltr'>Rami</span> <span class='ocrx_word' id='word_1_290' title='bbox 431 2659 519 2685; x_wconf 87' lang='lat' dir='ltr'>cum</span> <span class='ocrx_word' id='word_1_291' title='bbox 539 2660 693 2686; x_wconf 87' lang='lat' dir='ltr'>racemo</span> <span class='ocrx_word' id='word_1_292' title='bbox 713 2650 1017 2698; x_wconf 78' lang='lat' dir='ltr'>6-8·pollicares,</span> <span class='ocrx_word' id='word_1_293' title='bbox 1041 2650 1137 2686; x_wconf 85' lang='lat' dir='ltr'>folia</span> <span class='ocrx_word' id='word_1_294' title='bbox 1155 2651 1222 2685; x_wconf 78' lang='lat' dir='ltr'>vix</span> <span class='ocrx_word' id='word_1_295' title='bbox 1240 2652 1317 2686; x_wconf 84' lang='lat' dir='ltr'>tres</span> <span class='ocrx_word' id='word_1_296' title='bbox 1337 2649 1461 2685; x_wconf 86' lang='lat' dir='ltr'>lineas</span> <span class='ocrx_word' id='word_1_297' title='bbox 1480 2649 1598 2695; x_wconf 87' lang='lat' dir='ltr'>longa</span> <span class='ocrx_word' id='word_1_298' title='bbox 1617 2649 1787 2695; x_wconf 80' lang='lat' dir='ltr'>lataque,</span> <span class='ocrx_word' id='word_1_299' title='bbox 1816 2647 1964 2683; x_wconf 82' lang='lat' dir='ltr'>corolla</span> 
     </span>
     <span class='ocr_line' id='line_1_37' title="bbox 249 2693 1962 2745; baseline 0.001 -15"><span class='ocrx_word' id='word_1_300' title='bbox 249 2693 328 2733; x_wconf 77' lang='lat' dir='ltr'>fere</span> <span class='ocrx_word' id='word_1_301' title='bbox 342 2697 365 2733; x_wconf 85' lang='lat'>5</span> <span class='ocrx_word' id='word_1_302' title='bbox 383 2697 509 2733; x_wconf 84' lang='lat' dir='ltr'>lineas</span> <span class='ocrx_word' id='word_1_303' title='bbox 527 2697 657 2744; x_wconf 81' lang='lat' dir='ltr'>longa.</span> <span class='ocrx_word' id='word_1_304' title='bbox 678 2698 812 2734; x_wconf 83' lang='lat' dir='ltr'>Facies</span> <span class='ocrx_word' id='word_1_305' title='bbox 831 2697 983 2734; x_wconf 82' lang='lat' dir='ltr'>Galam.</span> <span class='ocrx_word' id='word_1_306' title='bbox 1006 2698 1167 2745; x_wconf 78' lang='lat' dir='ltr'>Alpz&#39;me</span> <span class='ocrx_word' id='word_1_307' title='bbox 1184 2698 1253 2733; x_wconf 87' lang='lat' dir='ltr'>sed</span> <span class='ocrx_word' id='word_1_308' title='bbox 1273 2698 1446 2733; x_wconf 72' lang='lat' dir='ltr'>stamina</span> <span class='ocrx_word' id='word_1_309' title='bbox 1469 2696 1630 2744; x_wconf 74' lang='lat' dir='ltr'>Thymi;</span> <span class='ocrx_word' id='word_1_310' title='bbox 1649 2696 1763 2731; x_wconf 86' lang='lat' dir='ltr'>affine</span> <span class='ocrx_word' id='word_1_311' title='bbox 1786 2695 1825 2731; x_wconf 88' lang='lat' dir='ltr'>T.</span> <span class='ocrx_word' id='word_1_312' title='bbox 1848 2695 1962 2741; x_wconf 78' lang='lat' dir='ltr'>Pipe-</span> 
     </span>
     <span class='ocr_line' id='line_1_38' title="bbox 251 2743 1964 2791; baseline 0 -13"><span class='ocrx_word' id='word_1_313' title='bbox 251 2743 361 2781; x_wconf 77' lang='lat' dir='ltr'>rellae</span> <span class='ocrx_word' id='word_1_314' title='bbox 379 2744 595 2789; x_wconf 82' lang='lat' dir='ltr'>Hispanico</span> <span class='ocrx_word' id='word_1_315' title='bbox 613 2746 734 2781; x_wconf 85' lang='lat' dir='ltr'>ramis</span> <span class='ocrx_word' id='word_1_316' title='bbox 754 2746 898 2782; x_wconf 86' lang='lat' dir='ltr'>crassis</span> <span class='ocrx_word' id='word_1_317' title='bbox 918 2745 1068 2791; x_wconf 80' lang='lat' dir='ltr'>rigidis,</span> <span class='ocrx_word' id='word_1_318' title='bbox 1098 2745 1263 2780; x_wconf 81' lang='lat' dir='ltr'>floribus</span> <span class='ocrx_word' id='word_1_319' title='bbox 1282 2745 1488 2780; x_wconf 85' lang='lat' dir='ltr'>floralibus</span> <span class='ocrx_word' id='word_1_320' title='bbox 1511 2744 1757 2790; x_wconf 80' lang='lat' dir='ltr'>bracteisque</span> <span class='ocrx_word' id='word_1_321' title='bbox 1775 2743 1964 2785; x_wconf 73' lang='lat' dir='ltr'>minimis,</span> 
     </span>
     <span class='ocr_line' id='line_1_39' title="bbox 248 2790 1474 2839; baseline 0.002 -13"><span class='ocrx_word' id='word_1_322' title='bbox 248 2790 393 2837; x_wconf 77' lang='lat' dir='ltr'>calycis</span> <span class='ocrx_word' id='word_1_323' title='bbox 412 2792 521 2828; x_wconf 87' lang='lat' dir='ltr'>labio</span> <span class='ocrx_word' id='word_1_324' title='bbox 540 2793 740 2839; x_wconf 85' lang='lat' dir='ltr'>superiore</span> <span class='ocrx_word' id='word_1_325' title='bbox 762 2793 922 2829; x_wconf 84' lang='lat' dir='ltr'>inferius</span> <span class='ocrx_word' id='word_1_326' title='bbox 940 2795 1161 2839; x_wconf 79' lang='lat' dir='ltr'>superante,</span> <span class='ocrx_word' id='word_1_327' title='bbox 1179 2795 1260 2835; x_wconf 57' lang='lat' dir='ltr'>etc„</span> <span class='ocrx_word' id='word_1_328' title='bbox 1282 2793 1474 2828; x_wconf 79' lang='lat' dir='ltr'>distincto.</span> 
     </span>
    </p>
   </div>
   <div class='ocr_carea' id='block_1_11' title="bbox 246 2897 1959 3073">
    <p class='ocr_par' dir='ltr' id='par_1_11' title="bbox 246 2897 1959 3073">
     <span class='ocr_line' id='line_1_40' title="bbox 309 2897 1957 2956; baseline 0.002 -17"><span class='ocrx_word' id='word_1_329' title='bbox 309 2899 345 2939; x_wconf 69' lang='lat'>2.</span> <span class='ocrx_word' id='word_1_330' title='bbox 381 2897 435 2940; x_wconf 90' lang='lat' dir='ltr'>T.</span> <span class='ocrx_word' id='word_1_331' title='bbox 458 2898 799 2954; x_wconf 76' lang='lat' dir='ltr'>serpyllum</span> <span class='ocrx_word' id='word_1_332' title='bbox 821 2900 892 2955; x_wconf 81' lang='lat' dir='ltr'>(L.</span> <span class='ocrx_word' id='word_1_333' title='bbox 921 2900 1003 2955; x_wconf 88' lang='lat' dir='ltr'>Sp.</span> <span class='ocrx_word' id='word_1_334' title='bbox 1035 2900 1141 2955; x_wconf 74' lang='lat'>482)</span> <span class='ocrx_word' id='word_1_335' title='bbox 1169 2901 1434 2956; x_wconf 84' lang='lat' dir='ltr'>cespitosus,</span> <span class='ocrx_word' id='word_1_336' title='bbox 1478 2900 1611 2943; x_wconf 88' lang='lat' dir='ltr'>ramis</span> <span class='ocrx_word' id='word_1_337' title='bbox 1637 2900 1807 2942; x_wconf 84' lang='lat' dir='ltr'>inferne</span> <span class='ocrx_word' id='word_1_338' title='bbox 1839 2911 1957 2952; x_wconf 88' lang='lat' dir='ltr'>pros-</span> 
     </span>
     <span class='ocr_line' id='line_1_41' title="bbox 246 2958 1952 3012; baseline 0 -13"><span class='ocrx_word' id='word_1_339' title='bbox 246 2958 372 3001; x_wconf 86' lang='lat' dir='ltr'>tratis</span> <span class='ocrx_word' id='word_1_340' title='bbox 415 2962 457 3000; x_wconf 86' lang='lat' dir='ltr'>et</span> <span class='ocrx_word' id='word_1_341' title='bbox 494 2958 789 3002; x_wconf 85' lang='lat' dir='ltr'>radicantibus</span> <span class='ocrx_word' id='word_1_342' title='bbox 826 2960 893 3002; x_wconf 87' lang='lat' dir='ltr'>vel</span> <span class='ocrx_word' id='word_1_343' title='bbox 938 2960 1369 3003; x_wconf 82' lang='lat' dir='ltr'>ascendenti-erectis</span> <span class='ocrx_word' id='word_1_344' title='bbox 1415 2959 1610 3003; x_wconf 82' lang='lat' dir='ltr'>seriatim</span> <span class='ocrx_word' id='word_1_345' title='bbox 1652 2958 1720 3000; x_wconf 88' lang='lat' dir='ltr'>vel</span> <span class='ocrx_word' id='word_1_346' title='bbox 1761 2958 1952 3012; x_wconf 86' lang='lat' dir='ltr'>undique</span> 
     </span>
     <span class='ocr_line' id='line_1_42' title="bbox 246 3015 1959 3073; baseline 0.001 -15"><span class='ocrx_word' id='word_1_347' title='bbox 246 3015 494 3072; x_wconf 85' lang='lat' dir='ltr'>puberulis‚</span> <span class='ocrx_word' id='word_1_348' title='bbox 535 3017 646 3060; x_wconf 83' lang='lat' dir='ltr'>toliis</span> <span class='ocrx_word' id='word_1_349' title='bbox 682 3018 883 3072; x_wconf 88' lang='lat' dir='ltr'>ellipticis</span> <span class='ocrx_word' id='word_1_350' title='bbox 916 3019 1114 3073; x_wconf 85' lang='lat' dir='ltr'>oblongis</span> <span class='ocrx_word' id='word_1_351' title='bbox 1150 3020 1215 3061; x_wconf 86' lang='lat' dir='ltr'>vel</span> <span class='ocrx_word' id='word_1_352' title='bbox 1253 3019 1494 3063; x_wconf 84' lang='lat' dir='ltr'>linearibus</span> <span class='ocrx_word' id='word_1_353' title='bbox 1529 3018 1622 3061; x_wconf 89' lang='lat' dir='ltr'>basi</span> <span class='ocrx_word' id='word_1_354' title='bbox 1664 3018 1765 3072; x_wconf 91' lang='lat' dir='ltr'>plus</span> <span class='ocrx_word' id='word_1_355' title='bbox 1811 3017 1959 3059; x_wconf 87' lang='lat' dir='ltr'>minus</span> 
     </span>
    </p>
   </div>
  </div>
 </body>
</html>
