2100 3262
284 180 355 218 892
970 188 1286 216 PLANTAGINEAE.
1766 188 1970 239 Plantayo.

329 260 431 296 Hah.
451 260 498 314 in·
513 259 667 306 Egypto
684 260 888 313 superiore
905 270 1026 307 prope
1042 259 1192 313 Girgeh
1212 260 1228 304 [
1230 262 1448 307 spontanea
1464 273 1513 300 ex
1530 263 1575 300 cl.
1594 264 1791 312 Hussonl,
1806 269 1911 306 culta
1930 284 1977 311 ex

284 308 328 344 cl.
347 306 690 352 Schweinsurthl),
708 317 749 341 m
767 316 886 353 regno
909 306 1098 344 Cabulico
1122 307 1172 343 ad
1195 307 1461 356 Schikarpore
1479 311 1601 355 (Griff
1614 314 1652 358 l).

331 370 641 426 §lam-escendat,
667 369 846 425 caulibus
872 370 1213 417 decumbentibus,
1244 371 1350 407 foliis
1384 373 1693 423 pedunculisque
1726 380 1967 417 tenuissimis

283 429 402 466 splcis
421 418 472 454 ob
494 417 670 454 bracteas
696 418 901 454 lnferlores
927 418 1130 454 interdum
1156 428 1292 455 omnes
1317 419 1523 467 elongatae
1557 423 1710 460 foliosis
1736 425 1787 461 ab
1813 428 1919 464 affini
1936 411 1978 466 ΡῘ

288 463 426 504 straete?
445 464 721 512 dignoscenda.

353 576 422 618 35.
455 573 512 616 P.
534 572 908 629 phaeostoma
933 573 1092 616 v'Boiss.
1120 576 1162 616 et
1187 572 1335 616 Heldr.
1364 574 1516 628 Diagn.
1542 574 1634 620 Ser.
1663 577 1717 630 II,
1756 580 1796 631 4,
1828 593 1871 634 p.
1910 582 1980 639 7¹)

293 647 435 677 annua
460 637 545 676 lota
568 631 1062 686 glanduloso-puberula
1085 636 1127 676 et
1154 632 1484 686 papillari-hirta
1510 636 1617 679 collo
1646 649 1830 692 ramosa,
1857 641 1982 683 cauli-

293 694 376 738 bus
408 693 534 736 nanis
562 691 812 735 lateralibus
840 690 1088 735 divaricatis
1114 703 1228 746 saepe
1265 693 1460 746 ramosis,
1493 695 1605 737 foliis
1638 700 1819 750 anguste
1857 698 1981 742 linea·

295 753 418 797 ribus
444 751 644 804 integris,
675 750 932 804 pedunculis
958 751 1071 793 foliis
1102 751 1389 806 capitulisque
1423 753 1676 808 aequilongis
1712 756 1777 799 vel
1816 756 1981 801 brevio-

295 811 430 863 ribus,
469 810 600 866 spicis
635 809 831 863 oblongis
865 809 1114 853 densifloris
1151 810 1344 853 breviter
1376 811 1519 863 hirtis,
1559 812 1744 857 bracteis
1785 815 1983 870 oblongo-

291 871 533 915 linearibus
567 868 736 912 obtusis
766 871 926 923 praeter
947 868 1119 912 intimas
1142 870 1286 922 calyce
1310 868 1602 924 brevioribus,
1628 873 1784 927 calycis
1822 874 1982 919 laciniis

292 931 488 984 oblongis
528 927 842 972 obtusiusculis
879 927 1172 971 conformibus
1208 931 1388 981 anguste
1427 931 1780 986 membranaceis,
1815 934 1983 978 corollae

293 989 401 1034 lobis
425 989 564 1032 ovatis
586 987 852 1030 mucronatis
879 987 1000 1030 fauce
1024 987 1145 1030 fusca
1174 987 1237 1034 Θ.

342 1065 443 1100 Hah.
470 1065 511 1100 in
537 1062 712 1099 arenosis
741 1061 791 1097 ad
815 1061 1099 1098 Alexandriam
1124 1061 1300 1103 (Samarl
1330 1062 1551 1109 Lemurum,
1577 1063 1626 1100 ad
1651 1064 1783 1101 Ouadi
1803 1065 1929 1102 Kuser
1953 1069 1987 1104 et

293 1112 423 1149 Ouadi
451 1111 583 1147 Askar
618 1109 760 1146 deserti
794 1108 1217 1157 AEgyptiaco-Arabici
1250 1108 1519 1157 (Schweinfl),
1551 1111 1601 1147 ad
1631 1111 1758 1148 Ouadi
1791 1112 1985 1150 Mokatteb

295 1160 451 1196 Arabia·
469 1161 612 1206 petreae
630 1157 762 1202 (Boiss
775 1158 813 1202 l).

341 1221 529 1260 Plantula
552 1219 841 1268 2-3-pollicaris
861 1220 1005 1303 ‚saessius
1023 1220 1304 1266 ramosissima‚
1331 1219 1426 1273 folia
1446 1220 1763 1268 ¹l2·1-pollicaria,
1789 1224 1909 1270 spicae
1926 1222 1989 1260 6-8

297 1270 421 1307 lineas
440 1270 567 1315 longae
585 1268 725 1304 3latae.
752 1267 892 1303 Affims
951 1268 1121 1305 ..strictae
1137 1267 1267 1304 differt
1286 1267 1467 1303 caulibus
1493 1270 1619 1315 nanis,
1644 1269 1877 1317 pedunculis
1903 1270 1986 1306 bre·

298 1317 427 1363 vibus,
443 1317 612 1352 bracteis
631 1314 887 1351 abbreviatis.

357 1432 425 1474 36.
459 1431 519 1474 P.
541 1429 822 1473 arenaria
846 1430 938 1485 (W.
961 1430 1010 1473 Κ.
1033 1430 1096 1472 ΡΙ.
1125 1430 1228 1472 Rar.
1252 1428 1395 1483 Hung.
1423 1430 1456 1481 l,
1479 1443 1519 1485 p.
1547 1431 1617 1481 51,
1645 1430 1729 1473 tab.
1754 1430 1831 1487 51)
1851 1443 1986 1476 annua

299 1491 556 1547 pubescens,
594 1490 718 1532 caule
759 1492 903 1532 erecto
940 1489 1009 1532 vel
1049 1488 1209 1533 diffuso
1245 1488 1394 1531 stricto
1432 1501 1619 1542 ramoso,
1661 1490 1774 1533 foliis
1815 1494 1990 1544 anguste

296 1550 534 1593 linearibus
576 1549 643 1593 vel
684 1548 960 1591 fililormibus
999 1548 1210 1602 elongatis
1249 1547 1442 1600 margine
1480 1548 1776 1593 subrevolutis
1810 1549 1988 1603 integris

298 1609 391 1653 basi
430 1621 547 1663 saepe
588 1607 1119 1662 villosulis‚.‚pedunculis
1151 1606 1405 1650 axillaribus
1441 1607 1540 1650 solio
1574 1607 1842 1662 longioribus
1881 1619 1990 1663 saepe

298 1667 922 1721 subumbellato-thyrsoideis,
939 1668 1069 1721 spicis
1086 1666 1225 1710 ovatis
1248 1665 1410 1718 densiS‚
1433 1666 1620 1710 bracteis
1643 1667 1773 1710 dorso
1801 1666 1989 1711 breviter

298 1726 647 1784 papillari-hirtis
669 1726 831 1769 infimis
853 1726 991 1769 ovalis
1017 1727 1061 1769 in
1083 1725 1309 1780 cuspidem
1342 1724 1596 1775 herbaceam
1624 1726 1757 1769 flores
1781 1738 1989 1780 superan-

297 1792 382 1831 tem
427 1786 660 1829 attenuatis
709 1784 1012 1839 superioribus
1056 1782 1593 1840 spathulato-orbiculatis
1646 1785 1988 1828 membranaceo·

298 1845 567 1900 marginatis,
591 1845 749 1900 calycis
778 1844 942 1887 laciniis
964 1845 1117 1888 anticis
1142 1843 1316 1899 oblique
1333 1843 1470 1886 ovatis
1487 1843 1795 1895 obtusissimis,
1817 1843 1991 1899 posticis

298 1905 548 1950 lanceolatis
574 1904 856 1948 acutiusculis
885 1903 1238 1954 membranaceis,
1266 1902 1438 1945 corollae
1469 1902 1577 1944 lobis
1601 1902 1990 1946 ovato-lanceolatis

296 1965 429 2008 acatis
447 1966 510 2014 G).
532 1964 665 2007 Rchb.
686 1962 831 2006 Germ.
856 1966 884 2005 t.
903 1964 973 2006 85.
995 1987 1052 1994 —
1072 1962 1120 2005 P.
1141 1961 1312 2016 Cynops
1336 1960 1424 2004 Sm.
1444 1961 1598 2004 Prodr.
1623 1961 1655 2015 I,
1677 1974 1717 2016 p.
1743 1962 1820 2004 103
1845 1974 1930 2004 non
1948 1961 1989 2005 L.

343 2039 445 2074 Hah.
469 2039 510 2074 in
528 2038 676 2091 campis
710 2037 888 2090 arenosis
915 2046 1019 2083 saepe
1050 2035 1271 2089 mari-timis,
1299 2033 1515 2088 ,Thessalia
1534 2037 1581 2088 ‘in
1606 2035 1816 2071 maritimis
1835 2034 1989 2080 (Heldrl

298 2085 457 2132 Orphl),
487 2085 654 2121 Thracia
679 2083 727 2119 ad
753 2083 1053 2130 Plnhppopolin
1079 2083 1234 2129 (Frui),
1261 2081 1452 2126 Bithynia
1484 2082 1627 2126 (S1bth.
1669 2082 1824 2127 Pichll),
1856 2083 1991 2118 insulae

298 2132 432 2168 Naxos
451 2134 489 2168 et
505 2132 636 2168 Thera
655 2131 763 2175 (Sart
773 2132 811 2176 l),
837 2131 1027 2166 Anatolia
1047 2129 1220 2166 borealis
1241 2128 1373 2173 (Wied
1387 2131 1427 2174 l),
1455 2128 1603 2165 Pontus
1622 2111 1822 2176 (murgi),
1849 2130 1991 2165 Tauria

298 2179 452 2225 (siem),
471 2178 780 2215 Transcaucasia
797 2178 972 2223 (Ledeb.,
991 2177 1183 2222 Beckerl).

354 2245 398 2299 β.
431 2244 688 2286 divaricata.
719 2267 771 2274 —
798 2243 1078 2287 Divaricatim
1107 2255 1288 2294 ramosa,
1315 2240 1413 2284 folia
1447 2242 1699 2285 abbreviata
1731 2241 1983 2285 sublatiora.

298 2303 451 2346 Forma
477 2304 706 2346 maritima.

344 2379 445 2414 Hal).
468 2380 508 2414 in
525 2379 701 2414 arenosis
719 2378 929 2414 maritimis
947 2377 997 2413 ad
1011 2377 1147 2413 Astros
1166 2376 1423 2424 Pelopennesi
1440 2375 1615 2424 (Orphl)‚
1634 2377 1675 2412 in
1693 2376 1824 2412 insula
1841 2374 1990 2411 Andros

297 2426 453 2472 (Sami),
474 2426 514 2461 in
534 2426 616 2462 oasi
636 2426 817 2472 Chargeh
837 2425 982 2472 Egypti
1001 2424 1276 2470 (Schweinfl).

344 2490 404 2525 Ar.
425 2490 555 2535 Geogr.
584 2489 780 2536 Hispania
799 2487 996 2533 centralis,
1028 2486 1169 2532 Gallia,
1201 2486 1382 2522 Helvetia
1403 2486 1598 2532 australis,
1626 2486 1846 2530 Germania,
1880 2483 1991 2520 Italia

298 2536 480 2582 borealis,
500 2537 606 2583 regio
624 2536 877 2582 Danubiali3‚
895 2534 1036 2571 Rossia
1056 2534 1186 2570 media
1205 2536 1241 2569 et
1261 2533 1459 2570 australis

358 2658 424 2698 37.
459 2656 517 2698 P.
553 2665 883 2710 squarrosa
925 2652 1078 2709 (Murr.
1121 2651 1282 2695 Comm.
1323 2650 1432 2695 Golt.
1482 2652 1605 2703 1781,
1641 2664 1680 2705 p.
1717 2651 1784 2700 38,
1824 2649 1907 2692 tab.
1948 2647 1989 2702 3)

295 2729 438 2759 annua
474 2714 825 2769 papillati-hirta,
859 2726 882 2755 a
908 2712 1016 2756 collo
1062 2712 1220 2766 saepius
1257 2724 1442 2763 ramosa,
1477 2710 1673 2759 caulibus
1715 2709 1884 2751 diffusis
1927 2705 1988 2749 vel

295 2773 630 2818 ascendentibus
654 2785 770 2826 saepe
792 2772 1041 2824 ramulosis‚
1064 2771 1176 2813 foliis
1200 2770 1442 2813 carnosulis
1464 2769 1701 2812 linearibus
1730 2769 1798 2811 vel
1823 2764 1989 2808 lineari-

296 2834 493 2888 oblongis
513 2832 776 2875 abbreviatis
800 2831 936 2873 acutis
958 2829 1336 2873 subcanaliculatis
1361 2840 1476 2883 saepe
1496 2831 1710 2879 recurvis,
1735 2824 1988 2881 pedunculis

296 2905 348 2935 ex
371 2893 513 2935 axillis
542 2891 845 2944 superioribus
871 2889 1056 2943 capitulo
1085 2889 1340 2943 aequilongis
1360 2888 1426 2930 vel
1453 2887 1730 2929 brevioribus
1753 2896 1867 2939 saepe
1892 2882 1988 2927 sub·

297 2952 564 2996 umbellalim
587 2951 656 2992 3-5
680 2949 908 3002 congestis,
930 2949 1060 3002 spicis
1090 2947 1425 3003 pubescentibus
1458 2946 1655 3000 oblongis
1688 2945 1754 2988 vel
1790 2945 1988 2999 oblongo-
