2100 3262
236 195 329 234 1054
906 201 1237 230 THYMELAEACEAE.
1697 193 1935 243 Thymeloea.

286 275 387 312 Hah.
405 273 456 311 ad
471 273 706 310 Corinthum
724 275 761 310 et
779 274 818 309 in
836 274 955 310 Archi
986 274 1097 321 elago
1120 274 1275 319 (Simu,
1288 273 1417 320 Urv!)‚
1438 273 1557 310 Chios
1571 274 1702 318 (Auch
1714 277 1751 322 l),
1765 276 1933 316 Rhodus

240 323 436 368 (murgi),
456 321 570 357 Creta
588 320 716 365 (Siebl
736 320 859 357 Raull
884 320 956 356 Hel
985 332 1002 356 r
1016 323 1055 367 l),
1075 322 1315 368 Pamphylia
1334 321 1498 367 (Bourg.
1521 320 1637 369 2421),
1657 322 1798 359 insulae
1815 324 1934 362 Sinus

239 368 492 415 Smyrnensis
511 367 613 412 (Bal.
630 367 748 413 3732),
768 367 922 414 Cyprus
941 368 1067 414 (Ky.).

239 482 268 516 C
286 436 349 487 Ar.
377 434 508 478 Geoqr.
540 431 735 479 Hispania
766 433 804 467 et
833 431 965 468 Gallia
999 431 1200 477 australes,
1233 431 1346 468 Italia
1374 432 1523 479 merid.⁷
1561 433 1710 479 Sicilia,
1740 433 1934 482 Sardinia,

272 490 411 517 orsma.

569 586 581 597 ·
603 586 614 598 '
644 585 769 632 Calyx
790 585 991 622 deciduus.
1012 606 1058 612 —
1077 585 1376 633 Pz'ptoclzlamys
1393 586 1483 623 ΟΛ.
1503 586 1605 634 Mey.

300 679 337 720 ³2.
370 678 427 721 T.
462 677 701 721 hirsuta
734 677 799 734 (L.
834 678 906 732 Sp.
944 680 1026 721 559
1056 679 1137 721 sub
1170 677 1427 736 Pas-scrinei)
1462 680 1666 723 fruticosa
1702 681 1934 734 fastigiato-

237 737 529 780 famosissima
550 737 680 779 ramis
699 737 969 789 tomentellis,
984 737 1164 780 ramulis
1186 738 1440 780 nutantibus
1455 739 1714 781 densissime
1733 743 1774 783 et
1789 740 1932 783 imbri-

236 796 360 839 catim
400 795 576 847 foliosis,
608 794 720 837 toliis
754 796 944 838 minimis
977 797 1217 840 carnosulis
1253 797 1391 839 ovatis
1427 798 1494 839 vel
1530 797 1724 851 oblongis
1762 799 1931 843 obtusis

234 854 423 899 enerviis
447 866 579 907 supra
601 854 805 897 convexis
839 855 996 898 subtus
1028 855 1368 898 concaviusculis
1392 856 1640 911 junioribus
1667 858 1930 902 tomentellis

233 913 406 956 tandem
429 912 605 967 glabriS‚
634 912 815 956 floribus
839 913 1237 968 polygamo-dioicIS
1264 915 1368 956 5-10
1389 914 1441 956 ad
1471 914 1536 957 vel
1561 926 1719 958 versus
1743 917 1932 960 ramulo-

236 985 335 1015 rum
359 972 523 1026 apicem
542 972 792 1024 glomeratis
815 972 1086 1020 ebracteatis‚
1102 973 1314 1026 perigenii
1336 977 1464 1016 extus
1486 973 1639 1016 sericei
1656 975 1774 1017 intus
1794 974 1932 1027 glabri

234 1031 339 1073 lutei
366 1029 1105 1084 campanulato-infundibuliformis
1131 1031 1240 1074 lobis
1263 1031 1366 1075 tubo
1389 1031 1762 1084 subbrevioribus‚
1788 1034 1931 1077 sructu

233 1093 357 1132 ovato
384 1090 531 1142 glabro
555 1095 593 1137 5.
627 1087 683 1131 Ic.
714 1089 778 1132 Fl.
818 1089 954 1133 Graec.
988 1091 1075 1133 tab.
1102 1091 1198 1134 360.
1224 1114 1282 1120 ——
1311 1090 1442 1133 Rchb.
1468 1089 1612 1133 Germ.
1637 1091 1721 1134 tab.
1749 1093 1846 1135 550.
1874 1116 1931 1125 --

239 1147 310 1189 Th.
340 1147 515 1190 hirsuta
537 1147 660 1189 Endl.
687 1172 741 1178 —
764 1147 1088 1203 Pipcochlamys
1113 1148 1292 1191 hirsuta
1313 1149 1420 1192 C.A.
1450 1150 1560 1204 Mey.

281 1223 383 1259 Hah.
404 1223 445 1259 in
471 1223 640 1259 collibus
662 1224 835 1269 regionis
864 1223 1060 1260 inferioris
1090 1236 1112 1260 a
1142 1225 1352 1260 maritimis
1379 1224 1449 1259 ubi
1474 1225 1714 1271 frequentior
1737 1225 1786 1261 ad
1815 1224 1931 1270 1500‘,

235 1271 387 1307 Graeeia
415 1269 574 1315 (Heldrl
607 1270 729 1317 Orph.
757 1271 817 1306 Fl.
840 1271 905 1307 Gr.
931 1282 1009 1307 exs.
1037 1272 1157 1318 2701),
1191 1272 1417 1317 Zacynthus
1448 1271 1624 1317 (Margi),
1657 1272 1773 1308 Creta
1799 1271 1931 1315 (Siebl

236 1316 402 1366 H0¹d¹2!)›
421 1317 704 1363 Hellespontus
723 1317 859 1363 (Noe),
876 1318 1001 1363 Lycia
1020 1319 1217 1365 (Forbes)‚
1237 1318 1373 1355 Cilicia
1394 1319 1486 1363 (Bal
1497 1320 1535 1364 ἔ),
1563 1319 1761 1354 Palestiua
1779 1318 1929 1355 littora-

233 1363 284 1446 lSis
309 1365 346 1399 et
364 1364 513 1399 Arabia
532 1366 678 1410 petraea
695 1364 825 1409 (Boiss
838 1366 876 1411 ἔ),
904 1365 1098 1413 AEgyptus
1122 1367 1282 1402 inferior
1302 1365 1352 1401 ad
1369 1365 1788 1412 Alexandriam'OEhr.,
1807 1365 1930 1402 Gailll

262 1421 371 1446 amar
382 1413 419 1456 l).

278 1476 340 1511 Ar.
358 1477 491 1521 Geoqr.
518 1475 688 1523 Europae
710 1478 747 1512 et
763 1476 904 1513 Africae
925 1477 1098 1513 borealis
1114 1478 1223 1524 regio
1241 1477 1539 1514 Mediterranea.

879 1628 1048 1681 Species
1085 1628 1283 1672 delendoe.

294 1750 339 1793 Τ.
368 1748 603 1792 Orientalis
622 1749 769 1793 Meisn.
785 1750 826 1792 in
846 1763 926 1793 Dc.
948 1751 1107 1793 Prodr.
1128 1750 1241 1802 XIV,
1262 1765 1300 1805 p.
1321 1751 1418 1793 557.
1438 1774 1494 1780 —
1517 1749 1757 1792 Pas-serina
1779 1749 1932 1792 Orien·

235 1808 336 1850 talis
361 1808 492 1850 Willd
511 1808 582 1864 Sp.
605 1808 656 1859 11,
678 1822 718 1863 p.
737 1810 816 1850 435
841 1810 1008 1862 species
1031 1810 1205 1853 omnino
1232 1810 1377 1853 fictitia
1401 1821 1453 1852 ex
1475 1809 1731 1863 synonymis
1756 1809 1930 1853 duobus

234 1868 406 1910 omuino
437 1868 649 1918 obscuris,
673 1869 807 1911 allero
832 1867 1041 1924 (Gronov.
1063 1868 1227 1912 Orient.
1256 1868 1358 1923 426)
1384 1868 1436 1911 ad
1462 1869 1651 1922 plantam
1667 1867 1929 1912 Orientalem

234 1929 276 1968 et
307 1927 442 1968 altero
468 1926 603 1981 (Clus.
635 1926 743 1970 Hist.
769 1926 801 1978 Ι,
830 1940 869 1982 p.
902 1927 978 1982 88]
1007 1928 1060 1971 ad
1092 1930 1281 1984 plantam
1316 1926 1593 1982 Hispanicam
1631 1926 1931 1980 spectantibus

233 1985 419 2028 condita.

293 2095 337 2138 T.
374 2097 615 2138 tomentosa
651 2096 775 2139 Endl.
812 2096 1041 2151 Suppl.=
1063 2096 1246 2150 Daphne
1280 2099 1519 2139 tomentosa
1552 2095 1673 2138 Lam.
1705 2093 1816 2136 Dict.
1855 2092 1933 2148 Ill,

235 2168 272 2208 p.
294 2155 391 2197 4:36.
420 2154 594 2208 Species
616 2156 800 2198 obscura
825 2156 902 2198 sed
926 2156 1175 2212 Hispanica!
1203 2159 1244 2199 et
1268 2157 1389 2199 nullo
1417 2154 1541 2199 modo
1567 2153 1819 2198 orientalis.

464 2344 757 2393 nllnrssnox
787 2345 950 2407 (Turcz.
980 2345 1088 2394 Bull.
1117 2345 1244 2407 lllosq.
1272 2343 1404 2401 4832,
1433 2343 1481 2397 V,
1513 2356 1550 2404 p.
1579 2342 1701 2401 204).

292 2486 440 2529 Flores
466 2485 822 2540 hcrmaphroditi.
849 2486 1127 2539 Perigoniurn
1162 2485 1417 2529 tubulosum
1450 2495 1584 2537 supra
1609 2480 1808 2525 ovarium
1833 2491 1934 2547 con-

232 2546 428 2588 strictum
449 2546 726 2588 articulatum
751 2547 872 2599 parte
895 2545 1100 2588 inferiore
1125 2544 1400 2598 persistente,
1426 2542 1545 2585 limbi
1568 2540 1739 2585 decidui
1757 2538 1933 2594 quadri-

233 2604 306 2646 fidi
335 2604 443 2646 lobis
467 2604 624 2648 erectis
647 2603 995 2655 conniventibus,
1026 2604 1144 2646 fauce
1172 2603 1436 2657 esquarnala.
1474 2599 1668 2649 Stamina
1702 2600 1728 2640 4
1752 2599 1816 2642 vel
1843 2598 1868 2640 8
1890 2600 1935 2640 ct

231 2667 332 2705 tunc
358 2663 573 2714 biseriata,
601 2663 794 2706 antherae
821 2662 1098 2706 subsessiles.
1138 2661 1287 2715 Stylus
1315 2659 1557 2703 terminalis
1584 2658 1750 2710 brevis,
1777 2657 1933 2709 stigma

231 2734 383 2775 parum
428 2722 726 2765 incrassatum.
772 2720 940 2765 Nucula
983 2721 1125 2776 calyce
1166 2721 1348 2763 inclusa.
1386 2718 1604 2761 Albumen
1644 2728 1841 2771 parcum.
1877 2737 1932 2745 --

232 2780 386 2822 Hei-bae
413 2792 569 2823 annuae
591 2781 786 2835 graciles.

289 2889 327 2932 1.
362 2892 417 2934 D.
439 2892 843 2936 vesiculosum
860 2891 924 2945 (F.
949 2895 991 2934 et
1011 2891 1064 2933 Μ.
1091 2891 1205 2933 Bull.
1228 2889 1320 2933 Soc.
1344 2889 1450 2943 Imp.
1471 2887 1602 2943 Mosq.
1633 2887 1760 2938 1839,
1784 2900 1824 2941 p.
1849 2885 1932 2927 170

231 2950 313 2992 sub
340 2950 600 3006 Passer-inci)
629 2964 820 2994 annuum
844 2951 1044 3005 glabrum
1070 2949 1138 2992 vel
1166 2948 1247 2992 sub
1279 2949 1394 2992 lente
1430 2947 1535 3003 pilis>
1558 2947 1704 3002 paucis
1728 2955 1934 2998 consper-
