2065 3271
114 226 266 271 Nepeca.
863 231 1063 258 LABIATAE.
1729 231 1801 268 665

113 305 380 354 subcordatis
401 315 551 357 grosse
582 302 768 345 dentatis
803 303 1076 347 intermediis
1113 306 1425 349 subsessilibus
1466 310 1553 352 basi
1583 314 1799 365 cuneatis‚

114 365 332 412 floralibus
367 361 735 414 lineari-oblongis
772 361 1050 415 subintegi·iS‚
1092 365 1227 418 cymiS
1255 367 1464 418 oppositis
1492 370 1796 421 pedunculatis

116 428 204 470 laxe
227 421 480 464 dieliotnmis
513 422 654 474 ample
683 424 726 461 et
761 421 979 462 laxissime
1008 423 1292 474 paniculatis,'
1313 425 1496 467 bracteis
1532 428 1799 472 lineari-lan·

111 482 280 527 ceolatis
304 481 446 533 calyce
473 478 687 533 subtripla
717 478 1010 527 brevioribus,
1044 482 1201 533 calyriS
1241 484 1434 535 papillosi
1476 485 1613 527 striati
1652 489 1798 530 subin-

111 541 227 585 curvi
253 551 327 581 ore
351 538 525 591 obliquo
552 536 755 579 dentibus
784 538 1033 581 lanceolatis
1057 540 1192 581 acutis
1214 541 1317 582 tubo
1345 543 1589 596 quadruplo
1623 546 1797 589 brevio-

111 599 227 645 ribus
261 597 563 650 superioribus
601 595 827 638 latioribus
867 597 1234 650 sublongioribus.
1269 602 1439 642 corollae
1475 602 1576 642 tubo
1611 604 1794 652 incluso.

111 657 276 702 nuculis
305 655 475 708 pallidis
501 665 652 707 grosse
679 655 926 698 verrucosis
953 656 1149 698 verrucis
1176 657 1332 699 lucidis
1357 663 1403 708 Θ
1434 659 1483 701 Ν.
1516 660 1679 713 Meyerz'
1704 676 1797 705 var.

110 715 315 768 laoeiflora
341 715 419 768 Ky.
450 725 539 755 exs.
567 714 693 755 1846.

153 782 251 817 Hab.
272 782 310 816 in
330 780 502 816 vallibus
520 780 693 814 arenosis
719 779 862 815 Persice
887 780 1054 816 borealis
1081 782 1117 816 in
1145 784 1275 818 monte
1302 782 1443 818 Elbrus
1466 794 1584 830 nrope
1604 786 1798 832 Paszgala

107 829 186 875 (ΚΥ
215 829 330 873 1752),
350 829 387 863 in
411 827 610 862 montibus
625 826 775 861 Siokuh
790 831 826 862 et
842 826 1001 863 Kohrud
1017 828 1173 873 (Bode),
1193 829 1234 864 in
1252 834 1384 865 monte
1400 830 1474 866 Sefi
1492 841 1611 878 prope
1626 833 1799 879 Ispahan

105 875 328 923 (xamen),
346 884 463 921 prope
483 873 574 909 Ssof
589 877 625 908 et
647 873 826 909 Teberan
844 874 985 919 (Bgel).

150 930 301 967 Pedalis
321 934 357 965 et
377 928 671 976 sesquipedalis,
698 928 813 975 calyx
833 932 910 965 tres
929 930 1054 966 lineas
1075 931 1226 976 longus.
1255 931 1467 967 Simillima
1492 933 1536 967 N
1563 934 1805 974 mim-arethae

108 978 174 1015 sed
194 978 477 1013 intlorescentia
496 976 697 1012 laxissima
715 978 752 1011 et
771 976 923 1012 nuculae
942 979 1115 1024 maJores
1134 979 1333 1025 sculptura
1353 978 1576 1015 dissimiles.

676 1125 698 1179 ,Ε
732 1129 770 1169 9.
807 1127 1221 1183 Micronepeta.

163 1257 228 1297 73.
262 1256 324 1298 N.
359 1260 584 1311 petraea
630 1257 747 1312 (Bm.
785 1270 864 1300 nc.
910 1257 1070 1300 Prodr.
1114 1258 1210 1304 ΧΠ,
1253 1272 1290 1311 p.
1332 1260 1433 1304 394>
1474 1272 1630 1305 annua,
1674 1261 1796 1302 caule

103 1315 263 1369 saepius
291 1317 403 1359 elato
428 1328 597 1358 ramoso
624 1319 764 1369 ample
790 1318 1048 1370 paniciilato.
1078 1318 1426 1370 foliisadpresse
1463 1319 1663 1360 lanatulis
1691 1319 1796 1359 albi-

104 1375 168 1416 dis
216 1375 497 1418 int'erioribus
546 1376 759 1429 petiolatis
805 1377 1219 1418 ovato-orbiculatis
1263 1378 1475 1428 crenatis,
1524 1377 1798 1419 intermediis

100 1433 566 1486 oblongo-lanceolatis‚
605 1434 831 1478 floralibus
867 1434 1178 1478 subsessilibus
1203 1436 1398 1488 oblongis
1430 1437 1638 1477 cuneatis.
1663 1437 1800 1487 cyniis

106 1492 358 1546 pedunculis
382 1493 519 1547 longis
547 1493 823 1536 filit'ormibus
849 1493 1142 1537 insidentibus
1166 1494 1390 1536 confertim
1421 1495 1652 1536 3—5-l'loi·is.
1678 1495 1799 1536 brac·

102 1552 182 1593 teis
206 1552 455 1594 lanceolatis
477 1552 644 1594 obtusis
677 1554 821 1606 calyce
850 1552 1142 1598 brevioribus.
1168 1552 1348 1595 floribus
1376 1554 1658 1606 pcdicellatis,
1688 1553 1801 1606 caly-

99 1611 161 1653 cis
186 1611 287 1652 recti
317 1610 368 1652 ad
394 1623 552 1653 nervos
576 1613 769 1664 asperuli
805 1611 1009 1654 dentibus
1043 1613 1172 1655 rectis
1206 1612 1632 1655 lineari-lanceolatis
1670 1612 1798 1654 obtu-

103 1669 307 1712 siusculis
362 1669 465 1716 tubo
517 1670 945 1724 sesquibrevioribus
994 1671 1223 1725 superiore
1277 1671 1575 1723 sublongiore‚
1627 1671 1797 1713 corollae

99 1728 253 1771 ulbidae
282 1729 506 1782 puberulae
532 1730 636 1772 tubo
659 1732 802 1784 calyce
830 1731 985 1783 quarta
1008 1735 1131 1785 parte
1159 1730 1364 1783 longiore,
1398 1731 1571 1773 nuculis
1599 1731 1798 1783 oblongo-

103 1787 283 1839 trigonis
315 1787 494 1831 laevibus
523 1792 589 1839 Θ.

149 1852 245 1889 Hab.
266 1854 304 1889 in
326 1855 467 1889 Pers-iae
487 1854 676 1901 lapidosis
695 1855 778 1891 loco
800 1865 878 1891 non
900 1857 1033 1890 notato
1051 1855 1193 1899 (Auch.
1212 1855 1353 1900 17471),
1374 1855 1412 1890 in
1429 1855 1631 1891 schistosis
1652 1856 1799 1892 montis

103 1901 301 1936 Avroman
323 1902 418 1938 5000
442 1902 621 1945 (Haussk
636 1904 677 1948 t).

147 1958 366 2004 Speciniina
385 1958 630 1993 Aucheriana
648 1959 902 2005 semipedalia
924 1958 991 1994 sed
1012 1958 1147 2004 planta
1167 1967 1189 1992 a
1206 1958 1251 1994 cl.
1272 1957 1548 1993 Haussknecht
1566 1958 1663 1992 lecta
1680 1958 1799 2004 pedes

99 2004 178 2040 duo
206 2008 243 2040 et
273 2005 444 2051 amplius
475 2005 592 2051 longa
622 2006 803 2052 panicula
830 2006 1102 2041 ramos-issima
1133 2005 1411 2051 sesquipedali,
1445 2005 1538 2040 folia
1566 2005 1800 2041 intermedia

101 2052 280 2098 pollicem
296 2055 332 2087 et
351 2052 521 2098 amplius
539 2053 668 2098 longa.
685 2053 863 2088 inferiora
881 2053 1041 2095 minora,
1059 2052 1174 2097 calyx
1190 2056 1267 2087 tres
1285 2052 1341 2086 lin
1354 2063 1407 2086 {as
1426 2052 1798 2097 longus.‹1y111aruin

102 2099 312 2145 pedunculi
332 2099 579 2146 bipollicares
599 2103 635 2135 et
653 2100 764 2136 flores
786 2100 985 2147 pedicellis
1007 2099 1136 2146 calyce
1155 2099 1220 2134 vix
1249 2099 1496 2135 brevioribus
1517 2099 1684 2134 suffulti.

160 2200 226 2241 74.
260 2199 321 2241 N.
356 2199 816 2254 hymenodonta.
854 2214 997 2243 annua
1030 2200 1239 2253 adpresse
1275 2199 1521 2241 tomentella
1558 2211 1800 2246 canescens,

99 2260 219 2301 caule
242 2262 384 2301 erecto
408 2259 591 2312 simplici
615 2261 682 2302 vel
709 2260 877 2302 inferne
906 2261 1139 2308 ramulam,
1179 2259 1290 2300 foliis
1320 2258 1464 2311 parvis
1504 2259 1627 2304 longe
1663 2258 1799 2311 petio·

102 2316 196 2360 latis
221 2320 357 2361 ovalis
385 2318 584 2366 crenatis‚
608 2319 912 2371 superioribus
939 2318 1165 2360 diminutis
1193 2317 1440 2364 sessilibus‚
1473 2316 1793 2359 verticillastris

100 2377 173 2418 4-5
198 2377 511 2420 subsessilibus
534 2377 574 2419 in
599 2378 759 2430 spicam
786 2379 1010 2430 oblongam
1033 2375 1438 2428 basi'interruptain
1460 2375 1775 2429 appi-eximitis

102 2434 283 2479 bracteis
309 2436 700 2479 lineari-subulatis
727 2437 881 2478 ciliatis
910 2435 1413 2489 spinuloso-acuminatis
1439 2436 1629 2477 curvatis
1652 2435 1795 2486 calyce

101 2495 174 2537 vix
220 2495 511 2545 biwvioribus,
560 2495 716 2548 calycis
763 2496 865 2539 recti
903 2495 951 2536 ad
993 2507 1151 2538 nervos
1193 2494 1512 2547 papillari-liirti
1552 2506 1626 2536 ore
1672 2492 1794 2535 valde

99 2553 274 2606 obliquo
297 2553 498 2597 dentibus
524 2555 863 2597 membranaceis
891 2554 1194 2607 superioribus
1223 2552 1488 2605 longioribus
1516 2554 1654 2595 ovatis
1695 2563 1793 2594 acu-

101 2613 311 2662 tiusculis‚
337 2613 616 2657 inferioribus
644 2613 900 2667 profundius
930 2613 1044 2655 fissis
1076 2612 1602 2665 triangulari-lanceolatis
1640 2611 1794 2658 acutis,

100 2673 268 2714 corollae
293 2673 445 2715 albidae
471 2673 594 2714 hirtae
620 2673 721 2714 tubo
746 2674 949 2716 subcxsez
967 2676 1017 2721 to,
1045 2672 1216 2714 nuculis
1244 2671 1575 2724 ovato-trigonis
1611 2671 1793 2713 lievibus

103 2730 184 2773 sub
211 2732 324 2773 lente
351 2732 613 2786 punctulatis
650 2737 713 2782 O.

148 2796 246 2831 Hab.
268 2797 305 2832 in
326 2798 458 2833 Persia
480 2799 578 2833 inter
596 2798 699 2834 Yezd
719 2801 756 2834 et
774 2798 941 2845 Ispahan
957 2798 1104 2843 (Bgel).

147 2852 284 2889 Planta
310 2854 611 2900 8-10-pollicaris
641 2856 693 2890 ab
718 2856 826 2890 amic.
859 2866 881 2890 a
908 2855 1042 2899 Bunge
1067 2853 1112 2889 N.
1135 2858 1276 2899 petrefe
1295 2854 1405 2896 cujus
1427 2853 1639 2898 specimina
1663 2851 1799 2896 typica.

101 2907 176 2935 non
197 2900 345 2936 viderat
360 2902 616 2937 adnumerata
632 2902 698 2937 sed
713 2902 893 2938 distincta
910 2901 1193 2937 verticillastris
1209 2901 1411 2936 sessilibns
1429 2911 1498 2935 nec
1514 2899 1630 2941 longe
1649 2908 1692 2944 pe
1706 2899 1775 2932 lun
1790 2919 1800 2924 -

102 2947 249 2991 culatis,
269 2948 432 2984 hun-teis
452 2949 648 2986 subulatis
664 2950 845 2997 spinosis,
864 2949 1009 2995 calycis
1025 2950 1132 2996 apice
1150 2948 1437 2984 membranacei
1454 2947 1594 2982 rubelli
1613 2945 1801 2981 (lentibus

102 2995 368 3041 superioribus
387 2996 606 3032 latissimis.
1614 3039 1662 3076 43
