2065 3271
112 242 382 283 Mar-rubium.
878 252 1077 279 LABIATAE.
1762 249 1832 287 703

117 326 321 370 dentibus
358 325 835 368 lanceolato·subulatis
875 327 1032 368 erectis
1072 328 1091 367 5
1140 325 1210 369 vel
1246 328 1353 369 8-10
1388 328 1681 382 inaequalibus
1724 332 1828 374 tubo

116 384 330 442 profunde
354 384 520 427 sulcato
543 384 673 437 triplo
704 383 995 436 brevioribus,
1021 386 1183 428 corolla
1207 386 1305 428 alba
1339 392 1374 433 26
1391 416 1402 427 .
1443 387 1494 428 M.
1521 388 1829 440 particulatam

116 445 252 488 Desr.
283 468 339 474 —
367 443 426 484 M.
451 442 721 485 Pestalozzoe
747 443 886 486 Boiss.
918 444 1071 498 Diagn.
1100 444 1192 486 Ser.
1220 444 1274 493 ΙΙ,
1298 446 1323 486 4
1352 458 1390 493 p.
1417 447 1500 488 54!

162 520 262 556 Hab.
292 520 332 556 in
365 519 566 556 sterilibus
585 518 781 555 Anatoliae
809 519 1072 564 occidentaliS,
1107 519 1295 565 Bithynia
1322 530 1442 567 prope
1462 521 1676 559 Mondania
1698 523 1827 567 (Pinh-

113 567 170 603 lei·
184 570 224 613 l),
257 565 421 603 Ouchak
454 566 638 612 Phrygiae
667 566 809 612 (Bali).
846 567 974 613 Lydia
1008 577 1129 612 supra
1165 567 1411 612 Magnesiam
1442 569 1490 603 ad
1519 569 1646 616 Sipyli
1677 571 1828 607 radices

113 614 216 659 (Bal.
241 625 321 650 exs.
341 613 417 649 sub
436 613 490 649 M.
511 613 827 663 calar-z'oefolz'ol),
849 614 970 659 Lycia
991 614 1149 658 (Festi),
1182 614 1330 650 Tauria
1356 615 1407 650 ad
1426 615 1659 664 Sebastopol
1678 618 1826 663 (δ’-59.-

112 664 258 709 peryl),
279 661 479 696 Caucasus
502 660 671 696 borealis
697 663 762 705 (ex
785 662 872 696 CA.
891 662 1021 706 Mey.).

158 719 191 753 A
226 716 281 753 M.
311 716 520 764 pereyrz'no
553 716 737 752 foliorum
773 716 909 760 forma,
943 715 1225 753 verticillastrls
1260 717 1434 759 remotis,
1464 718 1609 764 ralycis
1641 720 1826 757 dentibus

112 765 339 801 accessoriis
364 764 509 811 saepius
536 763 666 799 obviis
696 763 937 799 distinctum.
973 766 1033 800 An
1062 764 1265 799 diversum
1285 775 1307 800 a
1327 763 1381 800 M.
1406 764 1633 803 Pannonico
1653 767 1757 804 Clus.
1779 788 1823 794 —

110 811 334 895 ἒξᾶζῗιΐιᾷτο
357 811 434 847 Kit.
464 811 570 858 quod
590 814 722 846 tamen
751 808 878 847 forma
902 811 1003 847 inter
1037 811 1087 847 M
1112 810 1279 858 vulyare
1303 815 1340 848 et
1364 814 1623 860 peregrinum
1653 814 1826 859 hybrida

156 925 217 960 Ar.
237 924 371 969 Geoqr.
399 923 702 970 Transylvania.

169 1027 239 1069 27.
275 1027 347 1069 Μ.
395 1025 650 1081 vulgare
697 1025 763 1081 (L.
799 1025 871 1079 Sp.
910 1039 948 1079 p.
990 1026 1098 1081 816)
1140 1027 1382 1080 pluricaule
1421 1027 1622 1071 caulibus
1657 1031 1822 1073 crassis

102 1084 386 1130 albo-lanatis
409 1084 1047 1140 ascendentibusesimplicibus
1076 1087 1144 1128 vel
1170 1099 1301 1140 parce
1329 1087 1525 1137 ramosis,
1549 1088 1665 1130 foliis
1688 1101 1823 1142 rugu-

108 1146 214 1188 losis
238 1146 428 1188 crenatis
450 1145 642 1187 molliter
668 1144 838 1187 villosis
865 1144 1240 1188 cinerascentibus
1267 1146 1331 1188 vel
1361 1145 1519 1189 subtus
1542 1147 1821 1191 albo-lanatis

101 1203 509 1248 ovato-orbiculatis
537 1203 820 1246 inferioribus
857 1204 1075 1258 petiolatis
1108 1216 1225 1259 saepe
1250 1205 1452 1255 cordatis,
1494 1205 1721 1249 floralibus
1756 1207 1817 1249 di-

101 1263 288 1306 minutis
313 1261 631 1307 subsessilibus
669 1263 853 1306 deflexis
879 1264 1284 1317 cuneato-oblongis
1317 1264 1528 1307 verticillo
1566 1265 1816 1320 sublongio-

107 1321 244 1375 ribus,
264 1323 583 1365 verticillastris
605 1322 855 1364 multifloris
879 1322 1071 1376 globosis
1093 1322 1373 1375 distantibus,
1395 1323 1580 1367 bracteis
1598 1324 1819 1368 subulatis

105 1382 225 1435 apice
262 1382 390 1425 nudis
419 1381 652 1429 uncinatis,
682 1381 840 1435 calycis
882 1382 1319 1425 stellato-tomentelli
1348 1382 1554 1425 dentibus
1591 1385 1642 1426 io
1670 1388 1820 1438 paten-

104 1440 221 1483 tibus
246 1440 460 1484 subulatis
484 1441 603 1494 apice
629 1440 753 1483 valde
779 1441 994 1483 uncinatis
1023 1446 1065 1484 et
1092 1442 1221 1484 nudis
1241 1442 1490 1484 alternatim
1517 1442 1815 1494 brevioribus,

102 1500 250 1554 quinis
292 1500 560 1554 longioribus
601 1499 705 1543 tubo
744 1500 873 1553 triplo
901 1500 1194 1551 brevioribus,
1223 1502 1396 1544 corolla}
1432 1502 1542 1544 albae
1572 1503 1702 1545 limbo
1738 1504 1816 1546 mi-

106 1564 210 1603 nute
242 1565 300 1604 26.
326 1560 390 1603 Ic.
426 1561 486 1601 Fl.
514 1559 625 1601 Dan.
652 1563 681 1602 t.
709 1555 847 1602 1036.
885 1584 934 1590 —
960 1560 1096 1602 Rcbb.
1137 1560 1191 1603 Ic.
1230 1561 1314 1603 tab.
1353 1561 1423 1603 23.
1453 1586 1502 1591 —
1536 1561 1590 1603 M.
1621 1562 1817 1605 Anulum

105 1618 222 1659 Τρη.
253 1643 310 1649 -
333 1618 390 1661 M.
421 1618 639 1660 anisodon
667 1616 710 1660 C.
735 1616 854 1662 Koch
881 1617 1006 1662 Linn.
1029 1617 1148 1672 XXI,
1173 1633 1211 1673 p.
1235 1617 1334 1662 696.

152 1692 254 1729 Hab.
274 1693 315 1728 in
335 1692 529 1728 ruderatis
553 1692 727 1738 regionis
756 1692 952 1729 inferioris
984 1695 1021 1729 et
1052 1696 1249 1729 montanae
1272 1704 1294 1729 a
1317 1694 1486 1730 Graecia!
1521 1697 1559 1730 et
1584 1696 1817 1734 Macedonia

104 1740 308 1786 (Griseb.),
327 1740 375 1776 ad
398 1740 579 1785 regiones
599 1741 842 1783 Caucasicas‚
863 1739 1035 1776 Pers-iam
1059 1741 1257 1776 borealem
1276 1741 1410 1787 (Eget)
1431 1746 1469 1777 et
1489 1743 1703 1779 australem
1723 1743 1815 1788 (ΚΥ.

100 1787 171 1824 312
185 1790 221 1833 l),
239 1787 396 1833 Syriam
417 1787 577 1832 (Gailll)
596 1790 634 1823 et
651 1787 893 1823 palestinam
915 1788 1084 1833 (Rotht),
1105 1788 1375 1824 Belutschiam
1398 1789 1599 1835 (Stocksl).

148 1852 208 1887 Ar.
235 1852 366 1897 Geogr.
394 1851 555 1897 Europa
573 1852 701 1886 omnis
727 1862 751 1887 a
769 1850 905 1887 Suecia
931 1852 1179 1888 meridionali
1201 1852 1252 1888 ad
1274 1852 1461 1889 Rossiam
1478 1854 1662 1900 mediam,
1685 1855 1816 1891 Africa

98 1897 280 1944 borealis,
301 1898 432 1935 Africa
452 1899 610 1945 tropica.
634 1898 676 1934 In
697 1899 918 1935 Amet-icam
941 1900 1220 1936 introductum.

159 1996 227 2040 028.
261 1998 333 2041 M.
370 1996 721 2042 crassidens
753 1999 915 2053 (Boiss
943 1999 1095 2054 Diagn.
1131 1998 1223 2042 Ser.
1249 2001 1285 2052 I,
1316 2003 1339 2043 5
1366 2014 1406 2055 p.
1443 2002 1519 2057 35)
1555 2002 1812 2056 pluricaule,

91 2057 296 2101 caulibus
320 2058 532 2112 elongatis
557 2058 829 2112 simplicibus
858 2060 927 2101 vel
955 2071 1085 2114 parce
1111 2060 1296 2102 ramosis
1322 2061 1492 2105 inferne
1521 2062 1657 2105 dense
1691 2062 1810 2105 albo-

100 2116 253 2160 lanatis
278 2129 471 2172 superne
507 2117 675 2160 minute
707 2119 986 2171 tomenteuis,
1025 2119 1139 2161 foliis
1175 2119 1388 2173 adpresse
1415 2122 1601 2164 ramosis
1631 2120 1810 2164 sericeis

96 2174 271 2219 flavidis
312 2188 449 2231 supra
487 2176 658 2219 lineatis
702 2176 859 2219 subtus
903 2178 1076 2230 rugosis
1120 2179 1310 2221 crenatis
1344 2179 1630 2223 inferioribus
1670 2181 1810 2223 ovatis

97 2233 293 2278 breviter
317 2235 513 2278 cuneatis
540 2236 769 2290 petiolatis,
797 2236 1024 2280 floralibus
1057 2238 1256 2291 oblongis
1282 2237 1375 2281 basi
1406 2239 1533 2282 valde
1573 2241 1808 2282 attenuatis

98 2292 279 2337 deflexis
306 2294 589 2338 inferioribus
613 2295 746 2338 flores
770 2296 898 2338 valde
917 2296 1246 2349 superantibus,
1273 2298 1592 2341 verticillastris
1622 2299 1806 2343 dissitis

97 2350 283 2396 bracteis
318 2353 536 2397 subulatis
572 2354 727 2398 tubum
767 2355 926 2407 calycis
965 2355 1342 2410 subaequantibus,
1380 2357 1539 2411 calycis
1575 2358 1806 2401 tomentosi

96 2412 248 2455 sulcati
274 2413 478 2457 dentibus
523 2415 653 2456 10-15
688 2413 888 2456 radiatim
927 2415 1178 2468 patentibus
1216 2415 1469 2459 lanceolatis
1501 2418 1621 2471 apice
1657 2418 1809 2471 spinu-

96 2469 199 2514 losis
235 2475 277 2514 et
320 2472 625 2516 subuncinatis
664 2473 911 2516 alternatim
964 2473 1333 2518 subbrevioribus
1374 2475 1604 2519 dimidium
1651 2477 1807 2519 tubum

96 2531 374 2584 aequantibus
409 2532 476 2575 vel
511 2532 842 2586 superantibus,
880 2533 1000 2575 faune
1039 2534 1139 2579 nilis
1177 2535 1339 2588 clausa,
1375 2536 1549 2578 corollae
1574 2536 1683 2578 albae
1719 2548 1804 2578 non

97 2593 281 2632 exsertae
307 2591 440 2634 limbo
465 2591 632 2634 minuto
666 2597 726 2640 36.

144 2662 245 2699 Hah.
257 2664 297 2699 in
313 2668 445 2701 monte
461 2665 567 2701 Gara
580 2665 846 2702 Kurdistaniae
865 2666 955 2713 (ΚΥ.
967 2667 1085 2713 3241),
1104 2667 1239 2704 Persia
1256 2668 1419 2705 australi
1435 2669 1474 2704 in
1494 2669 1698 2705 montibus
1716 2669 1806 2704 liuh

94 2707 503 2805 ISSthfigsl((Il-31}2s)skl),
532 2716 569 2749 et
597 2714 697 2750 inter
731 2716 885 2760 segetes
913 2725 1035 2762 prope
1057 2714 1215 2751 Schiras
1249 2716 1341 2762 (ΚΥ.
1372 2716 1486 2754 312ἔ).
1517 2717 1619 2752 inter
1646 2716 1749 2753 Yezd
1769 2720 1806 2752 et

142 2813 281 2851 Differt
298 2827 321 2851 a
338 2816 392 2852 M.
411 2816 574 2863 vulyarz'
594 2816 697 2853 foliis
720 2817 941 2853 minoribus
968 2820 1282 2856 ovato-cuneatis
1310 2830 1382 2856 nec
1409 2819 1804 2856 orbiculari-subcor-

97 2858 207 2911 datiS‚
237 2863 424 2900 dentibus
442 2864 632 2910 calycinis
652 2865 901 2910 longioribus
921 2866 990 2901 vix
1014 2866 1220 2902 uncinatis.
1256 2867 1356 2903 Huic
1388 2868 1480 2904 otini
1503 2869 1662 2904 erronee
1689 2868 1804 2904 retuli

92 2906 266 2954 plantam
291 2910 495 2958 Syriacam
515 2911 563 2947 ad
586 2911 641 2948 M.
661 2912 983 2949 cuneatz'tormas
1002 2913 1257 2950 referendam.

154 2992 221 3034 29.
258 2993 326 3036 M.
355 2998 678 3039 cuneatum
713 2995 864 3051 (Russ.
892 2996 1047 3052 Alepp.
1083 2996 1136 3049 11,
1167 3010 1205 3052 p.
1235 2997 1339 3054 255)
1366 2999 1624 3053 plui-icaule,
1668 2999 1804 3041 cauli-
