2100 3262
257 202 328 239 534
961 212 1250 238 VERBENACEAE.
1785 200 1969 242 Verhena.

835 331 1066 379 VERBENA
1095 331 1153 392 (L.
1183 331 1281 379 Gen.
1310 330 1396 390 32).

318 449 453 503 Calyx
481 449 714 492 tubulosus
747 449 1140 503 quinquecostatus
1180 448 1602 504 quinquedentatus,
1640 448 1840 491 fructifer
1880 449 1961 492 im-

257 512 465 552 mutatus.
510 507 679 551 Corolla
714 508 1134 551 infundibuliformis
1175 508 1279 551 tubo
1320 511 1436 550 recto
1482 507 1550 550 vel
1589 507 1787 557 incurvo,
1830 508 1962 553 limbo

255 568 421 621 patenti
460 567 747 610 subbilabiato
772 568 1048 621 inaequaliter
1084 568 1404 621 quinquelobo.
1449 566 1644 610 Stamina
1669 567 1696 607 4
1729 565 1962 620 didynama

255 628 436 673 inclusa,
476 628 668 669 antherae
700 630 837 670 ovatae
860 627 1013 669 loculis
1041 627 1362 681 subparallelis‚
1398 625 1652 668 connectivo
1681 624 1747 680 (in
1773 627 1961 681 nostris)

254 699 341 729 non
368 686 712 739 appendiculam.
741 685 947 728 Ovarinm
968 686 1319 740 quadrilocularc
1345 686 1495 728 loculis
1514 684 1799 737 uniovulatis‚
1818 685 1963 738 stylus

255 746 374 799 apice
414 746 609 788 breviter
650 745 827 788 bifidus.
865 745 1052 788 Fructus
1096 746 1238 799 calyce
1278 745 1471 787 inclusus
1513 744 1653 785 siccus
1688 743 1731 785 in
1770 756 1964 798 pyrenas

253 808 443 859 quatuor
467 809 714 847 crustaceas
731 808 938 857 angustas
952 804 1173 848 secedens.
1186 804 1343 847 Herbae
1357 803 1554 858 (nostrae)
1571 802 1755 845 floribus
1770 803 1960 856 spicatis.

318 908 357 947 1.
391 906 451 948 V.
488 904 807 948 officinalis
841 904 907 960 (L.
944 904 1014 959 Sp.
1054 919 1093 959 p.
1135 903 1210 959 29)
1248 905 1468 959 perennis,
1505 905 1627 948 caule
1665 907 1810 946 erecto
1851 904 1962 949 elato

253 966 376 1008 tenui
411 975 603 1018 superne
640 965 886 1017 paniculato
919 964 970 1005 ad
1005 965 1189 1017 angulos
1226 963 1489 1008 scabridulo.
1529 964 1642 1006 foliis
1684 963 1880 1017 oblongis
1914 969 1957 1008 ct

253 1023 709 1077 oblongo-lanceolatis
744 1034 897 1076 grosse
925 1023 1114 1066 dentatis
1155 1023 1303 1065 incisis
1344 1024 1412 1065 vel
1450 1023 1662 1066 laciniaffls
1698 1023 1766 1064 vel
1802 1024 1961 1075 lyrato-

250 1084 520 1137 pinnatifidis
546 1083 586 1124 in
609 1082 813 1135 petiolum
831 1081 1010 1124 brevem
1027 1083 1159 1125 latum
1175 1082 1422 1130 contractis,
1440 1083 1572 1135 spicis
1590 1083 1731 1134 longis
1751 1082 1859 1124 laxis
1879 1082 1959 1125 lili—

248 1143 477 1195 formibus,
495 1141 677 1184 floribus
696 1141 884 1184 minimis
905 1141 1222 1185 subsessilibus
1239 1141 1416 1194 strictis,
1437 1141 1624 1184 bracteis
1642 1141 1839 1194 oblongis
1863 1153 1958 1184 acu—

248 1203 421 1244 minatis
442 1203 585 1254 calyce
602 1200 895 1252 brevioribus‚
911 1201 1068 1255 calycis
1086 1201 1298 1255 adpresse
1318 1201 1500 1243 setulosi
1520 1200 1723 1243 dentibus
1743 1199 1957 1245 brevibus

249 1261 399 1310 acutis,
427 1261 599 1304 corollae
640 1259 823 1302 lilacinae
850 1260 953 1303 tubo
979 1261 1140 1302 sensim
1168 1260 1373 1313 ampliato
1401 1263 1577 1302 exserto
1611 1266 1670 1307 26.
1696 1260 1751 1302 Ic.
1778 1260 1860 1302 tab.
1888 1259 1957 1303 91.

295 1336 395 1371 Hah.
416 1336 455 1371 in
474 1334 678 1378 ruderatis‚
697 1334 746 1369 ad
760 1334 855 1379 vias,
873 1334 914 1370 in
932 1335 1079 1370 ditione
1094 1337 1174 1370 tota
1197 1345 1220 1370 a
1240 1334 1409 1370 Graecia!
1427 1333 1614 1369 Thracia!
1635 1334 1748 1369 Creta
1765 1333 1956 1379 (RaouH),

248 1384 296 1419 ad
318 1383 473 1429 Syriam
492 1381 703 1417 littoralem
723 1381 806 1425 (1311
830 1382 970 1426 Gailll)
1000 1386 1037 1417 et
1064 1383 1291 1417 interiorem
1316 1381 1367 1416 ad
1390 1381 1634 1417 Damascum
1661 1380 1831 1425 (Gailn),
1865 1380 1960 1416 Per-

248 1431 348 1466 siam
368 1429 568 1466 borealem
587 1429 752 1472 (Buhsel
772 1429 899 1475 Egel),
921 1429 1142 1465 Caucasum
1162 1432 1198 1465 et
1216 1428 1566 1465 Transcaucasiam
1588 1428 1780 1473 (Ledeb),
1794 1437 1959 1473 regnum

250 1478 482 1514 Cabnlicum
504 1477 675 1522 (Gi-iffi).

297 1546 360 1581 Ar.
384 1544 517 1589 Geoqr.
541 1543 700 1588 Europa
719 1542 847 1577 omnis
867 1542 919 1577 ab
933 1541 1080 1587 Anglia
1098 1543 1135 1577 et
1149 1542 1295 1577 Gothia
1312 1542 1361 1577 ad
1376 1541 1559 1577 Rossiam
1576 1540 1760 1583 mediam,
1779 1540 1957 1586 Japonia‚

246 1592 378 1628 Africa
397 1590 577 1633 borealis,
596 1590 827 1635 Abyssinia,
854 1589 965 1624 India
988 1589 1171 1632 borealis,
1195 1589 1237 1625 P.
1262 1589 1384 1624 Bonae
1404 1588 1499 1636 spei,
1519 1588 1659 1624 insulae
1681 1588 1956 1632 Canarienses‚

247 1640 437 1676 America.

304 1735 341 1775 02.
375 1733 436 1775 V.
473 1730 693 1786 supina
725 1732 791 1786 (L.
822 1730 893 1785 Sp.
930 1744 967 1785 p.
996 1728 1072 1786 029)
1104 1743 1248 1772 annua
1283 1728 1502 1783 liispidula
1538 1739 1773 1771 canescens
1809 1740 1829 1768 a
1859 1727 1952 1770 basi

244 1794 543 1835 ramosissima
571 1791 702 1833 ramis
731 1791 1068 1833 ascendentibus
1093 1791 1160 1831 vel
1190 1787 1570 1836 decumbentibus,
1594 1787 1708 1829 foliis
1737 1786 1954 1840 petiolatis

246 1852 408 1894 infimis
433 1851 628 1903 oblongis
652 1851 798 1892 incisis
822 1851 904 1892 cito
931 1849 1159 1892 exsiccatis
1188 1848 1357 1891 creteris
1383 1847 1427 1889 in
1455 1847 1629 1889 lacinias
1652 1845 1953 1889 ovato-oblon-

245 1924 320 1964 gas
349 1910 675 1953 obtusinsculas
699 1910 890 1961 integras
909 1910 975 1951 vel
1000 1909 1197 1952 dentatas
1217 1907 1580 1961 bipinnatisectis.
1605 1905 1736 1959 spicis
1755 1905 1952 1948 alaribus

243 1975 286 2013 et
310 1969 614 2013 terminalibus
654 1969 860 2011 solitariis
898 1968 1093 2011 breviter
1128 1966 1433 2022 pedunculatis
1469 1964 1705 2008 fructiferis
1742 1963 1953 2017 elongatis

241 2030 363 2074 laxis.
392 2028 575 2071 floribus
602 2028 748 2081 parvis
781 2027 1099 2069 snbsessilibus
1134 2026 1291 2069 erectis
1326 2026 1499 2068 bractea
1536 2023 1951 2066 lineari-lanceolata

241 2090 386 2143 calyce
415 2088 614 2130 breviore
643 2087 845 2136 suffultis,
874 2087 1015 2140 calyce
1044 2087 1235 2128 setuloso
1261 2084 1314 2126 ad
1338 2084 1509 2126 tertiani
1536 2087 1704 2138 partem
1728 2083 1772 2124 in
1797 2083 1951 2125 dentes

244 2148 674 2201 triangulari-ovatos
718 2146 836 2197 fisso,
875 2147 1049 2189 corollae
1090 2144 1414 2188 czerulescentis
1454 2143 1556 2185 tubo
1593 2142 1855 2201 subexserto
1885 2145 1948 2191 Θ.

242 2208 304 2250 Fl.
334 2208 471 2251 Graec.
500 2208 593 2249 tab.
625 2208 724 2250 554,
750 2230 801 2235 —
827 2205 959 2248 Rclib.
987 2205 1042 2248 lc.
1067 2205 1150 2247 tab.
1182 2204 1259 2246 91.
1296 2227 1347 2233 -
1387 2203 1427 2245 V.
1456 2200 1750 2255 procumbens
1780 2200 1940 2242 Forsk.

290 2283 390 2318 Hal).
411 2283 450 2317 in
475 2281 674 2327 argillosis
696 2283 733 2316 et
753 2281 929 2316 arenosis
950 2281 1092 2326 hyeme
1117 2279 1336 2324 inundatis,
1363 2278 1516 2314 Graecia
1537 2278 1577 2312 in
1599 2276 1756 2322 regione
1775 2274 1950 2312 abietina

240 2328 426 2366 Parnassi
444 2340 564 2375 prope
585 2328 750 2364 Livadia
771 2328 959 2373 (Heldrl),
985 2328 1098 2363 Creta
1122 2328 1162 2362 in
1185 2327 1332 2362 ditione
1353 2325 1527 2371 Sphakia
1550 2323 1742 2368 (Heldrl)‚
1763 2322 1950 2358 Anatolio.

241 2378 492 2414 occidentalis
516 2376 690 2420 (sima),
720 2374 915 2411 Palestina
942 2376 983 2411 in
1014 2378 1145 2410 monte
1173 2373 1328 2410 Carmel
1355 2372 1529 2417 (Gailln,
1563 2371 1761 2416 AEgyptus
1788 2370 1949 2406 inferior

240 2425 385 2469 (Anchl
408 2425 539 2459 Boiss!
563 2426 661 2467 etc),
688 2423 972 2469 Mesopotamia
998 2426 1034 2458 et
1061 2421 1280 2467 Babylonia
1311 2420 1409 2466 (Kyl
1431 2420 1534 2455 Noe!
1561 2417 1771 2462 Hausskl),
1803 2417 1948 2452 Trans—

240 2473 419 2508 Caucasia
435 2475 498 2511 (ex
519 2472 652 2514 Stev.).

289 2536 349 2571 Ar.
378 2535 508 2580 Geoqr.
539 2533 753 2577 Lusitania,
773 2533 979 2579 Hispania,
1003 2533 1116 2568 Italia
1135 2532 1330 2576 australis,
1350 2530 1570 2576 Hungaria,
1587 2528 1798 2574 Dalmatia,
1817 2527 1948 2563 Africa

240 2582 421 2627 borealis,
440 2582 582 2625 Nubia,
601 2580 743 2616 insul-{e
767 2580 1033 2616 Canarienses.

747 2732 823 2773 Ta.
857 2731 912 2773 ΙΙ.
945 2729 1190 2774 VITlCEAE
1224 2729 1429 2772 Schauer.

301 2849 631 2892 Inssorescentia
657 2849 833 2891 delinita
860 2849 993 2892 (li-vel
1018 2849 1275 2890 tricliotome
1305 2859 1494 2900 cymosa.
1524 2844 1661 2899 cymis
1686 2844 1945 2886 axillaribns

242 2910 307 2951 vel
354 2908 591 2962 composite
632 2909 888 2962 paniculatis
926 2908 1167 2960 centrifnge
1205 2906 1423 2949 floriferis.
1469 2905 1607 2949 Ovula
1650 2915 1783 2956 supra
1820 2902 1943 2943 basin

239 2968 368 3011 loculi
394 2969 556 3009 inserta
586 2969 859 3022 ampliitropa
879 2968 945 3009 vel
977 2967 1283 3020 subanatropa.
1312 2965 1484 3007 Semina
1509 2963 1851 3006 exalbuminosa.
