<?xml version="1.0" encoding="UTF-8"?>
<!DOCTYPE html PUBLIC "-//W3C//DTD XHTML 1.0 Transitional//EN"
    "http://www.w3.org/TR/xhtml1/DTD/xhtml1-transitional.dtd">
<html xmlns="http://www.w3.org/1999/xhtml" xml:lang="en" lang="en">
 <head>
  <title>
</title>
<meta http-equiv="Content-Type" content="text/html;charset=utf-8" />
  <meta name='ocr-system' content='tesseract 3.04.00' />
  <meta name='ocr-capabilities' content='ocr_page ocr_carea ocr_par ocr_line ocrx_word'/>
</head>
<body>
  <div class='ocr_page' id='page_1' title='image "./floraorientaliss04bois/floraorientaliss04bois_0526.png"; bbox 0 0 2100 3262; ppageno 0'>
   <div class='ocr_carea' id='block_1_1' title="bbox 309 222 2018 269">
    <p class='ocr_par' dir='ltr' id='par_1_1' title="bbox 309 222 2018 269">
     <span class='ocr_line' id='line_1_1' title="bbox 309 222 2018 269; baseline -0.002 -4"><span class='ocrx_word' id='word_1_1' title='bbox 309 233 380 269; x_wconf 66' lang='lat'>518</span> <span class='ocrx_word' id='word_1_2' title='bbox 1001 236 1346 264; x_wconf 74' lang='lat' dir='ltr'><strong>OROBANCHACEAE.</strong></span> <span class='ocrx_word' id='word_1_3' title='bbox 1786 222 2018 265; x_wconf 72' lang='lat' dir='ltr'>Orobonehe.</span> 
     </span>
    </p>
   </div>
   <div class='ocr_carea' id='block_1_2' title="bbox 311 307 2019 607">
    <p class='ocr_par' dir='ltr' id='par_1_2' title="bbox 311 307 2019 542">
     <span class='ocr_line' id='line_1_2' title="bbox 371 307 2019 367; baseline -0.004 -10"><span class='ocrx_word' id='word_1_4' title='bbox 371 315 415 358; x_wconf 82' lang='grc' dir='ltr'>Ο.</span> <span class='ocrx_word' id='word_1_5' title='bbox 441 312 651 367; x_wconf 68' lang='lat' dir='ltr'>squalida</span> <span class='ocrx_word' id='word_1_6' title='bbox 679 312 819 366; x_wconf 77' lang='lat' dir='ltr'>(Stev.</span> <span class='ocrx_word' id='word_1_7' title='bbox 852 312 981 353; x_wconf 89' lang='lat' dir='ltr'>Taur.</span> <span class='ocrx_word' id='word_1_8' title='bbox 1018 325 1059 365; x_wconf 88' lang='lat' dir='ltr'>p.</span> <span class='ocrx_word' id='word_1_9' title='bbox 1089 311 1193 365; x_wconf 75' lang='lat'>273)</span> <span class='ocrx_word' id='word_1_10' title='bbox 1235 309 1396 364; x_wconf 81' lang='lat' dir='ltr'>sepalis</span> <span class='ocrx_word' id='word_1_11' title='bbox 1435 307 1920 351; x_wconf 73' lang='lat' dir='ltr'>subulam-acuminatis</span> <span class='ocrx_word' id='word_1_12' title='bbox 1954 309 2019 351; x_wconf 84' lang='lat' dir='ltr'>in-</span> 
     </span>
     <span class='ocr_line' id='line_1_3' title="bbox 312 365 2017 423; baseline -0.003 -8"><span class='ocrx_word' id='word_1_13' title='bbox 312 374 464 417; x_wconf 75' lang='lat' dir='ltr'>divisis</span> <span class='ocrx_word' id='word_1_14' title='bbox 490 372 557 415; x_wconf 82' lang='lat' dir='ltr'>vel</span> <span class='ocrx_word' id='word_1_15' title='bbox 579 371 724 413; x_wconf 84' lang='lat' dir='ltr'>bifidis</span> <span class='ocrx_word' id='word_1_16' title='bbox 747 371 954 413; x_wconf 86' lang='lat' dir='ltr'>corollam</span> <span class='ocrx_word' id='word_1_17' title='bbox 973 369 1354 423; x_wconf 77' lang='lat' dir='ltr'>subaequantibus,</span> <span class='ocrx_word' id='word_1_18' title='bbox 1376 368 1551 411; x_wconf 58' lang='lat' dir='ltr'>corollae</span> <span class='ocrx_word' id='word_1_19' title='bbox 1567 365 2017 420; x_wconf 79' lang='lat' dir='ltr'>glanduloso-villosae</span> 
     </span>
     <span class='ocr_line' id='line_1_4' title="bbox 311 424 2017 479; baseline -0.004 -4"><span class='ocrx_word' id='word_1_20' title='bbox 311 432 528 476; x_wconf 81' lang='lat' dir='ltr'>tubulosae</span> <span class='ocrx_word' id='word_1_21' title='bbox 557 430 714 473; x_wconf 87' lang='lat' dir='ltr'>leviter</span> <span class='ocrx_word' id='word_1_22' title='bbox 735 433 923 472; x_wconf 77' lang='lat' dir='ltr'>arcuatae</span> <span class='ocrx_word' id='word_1_23' title='bbox 951 429 1073 471; x_wconf 89' lang='lat' dir='ltr'>labiis</span> <span class='ocrx_word' id='word_1_24' title='bbox 1098 431 1228 470; x_wconf 40' lang='lat' dir='ltr'>acute&gt;</span> <span class='ocrx_word' id='word_1_25' title='bbox 1256 426 1534 470; x_wconf 78' lang='lat' dir='ltr'>denticulatis</span> <span class='ocrx_word' id='word_1_26' title='bbox 1564 436 1695 479; x_wconf 85' lang='lat' dir='ltr'>parce</span> <span class='ocrx_word' id='word_1_27' title='bbox 1722 424 1889 477; x_wconf 70' lang='lat' dir='ltr'>cibatis,</span> <span class='ocrx_word' id='word_1_28' title='bbox 1924 425 2017 468; x_wconf 87' lang='lat' dir='ltr'>fila-</span> 
     </span>
     <span class='ocr_line' id='line_1_5' title="bbox 311 487 1317 542; baseline -0.006 -8"><span class='ocrx_word' id='word_1_29' title='bbox 311 491 470 534; x_wconf 87' lang='lat' dir='ltr'>mentis</span> <span class='ocrx_word' id='word_1_30' title='bbox 499 490 552 532; x_wconf 90' lang='lat' dir='ltr'>ad</span> <span class='ocrx_word' id='word_1_31' title='bbox 578 489 703 531; x_wconf 87' lang='lat' dir='ltr'>basin</span> <span class='ocrx_word' id='word_1_32' title='bbox 732 489 934 542; x_wconf 80' lang='lat' dir='ltr'>styloque</span> <span class='ocrx_word' id='word_1_33' title='bbox 958 487 1317 541; x_wconf 80' lang='lat' dir='ltr'>pubescentibus.</span> 
     </span>
    </p>

    <p class='ocr_par' dir='ltr' id='par_1_3' title="bbox 357 562 1056 607">
     <span class='ocr_line' id='line_1_6' title="bbox 357 562 1056 607; baseline -0.006 -7"><span class='ocrx_word' id='word_1_34' title='bbox 357 565 459 601; x_wconf 81' lang='lat' dir='ltr'>Hah.</span> <span class='ocrx_word' id='word_1_35' title='bbox 481 565 521 599; x_wconf 88' lang='lat' dir='ltr'>in</span> <span class='ocrx_word' id='word_1_36' title='bbox 540 565 686 600; x_wconf 70' lang='lat' dir='ltr'>Tauria</span> <span class='ocrx_word' id='word_1_37' title='bbox 704 566 742 599; x_wconf 87' lang='lat' dir='ltr'>et</span> <span class='ocrx_word' id='word_1_38' title='bbox 759 563 886 599; x_wconf 71' lang='lat' dir='ltr'>Iberia</span> <span class='ocrx_word' id='word_1_39' title='bbox 903 562 1056 607; x_wconf 83' lang='lat' dir='ltr'>(Stev.).</span> 
     </span>
    </p>
   </div>
   <div class='ocr_carea' id='block_1_3' title="bbox 309 620 2016 720">
    <p class='ocr_par' dir='ltr' id='par_1_4' title="bbox 309 620 2016 720">
     <span class='ocr_line' id='line_1_7' title="bbox 356 620 2016 677; baseline -0.005 -11"><span class='ocrx_word' id='word_1_40' title='bbox 356 634 415 666; x_wconf 73' lang='lat' dir='ltr'>An</span> <span class='ocrx_word' id='word_1_41' title='bbox 435 630 475 667; x_wconf 87' lang='lat' dir='ltr'>O.</span> <span class='ocrx_word' id='word_1_42' title='bbox 494 630 753 677; x_wconf 65' lang='lat' dir='ltr'>Epz&#39;tlnflnum</span> <span class='ocrx_word' id='word_1_43' title='bbox 768 628 933 664; x_wconf 78' lang='lat' dir='ltr'>Ledeb.?</span> <span class='ocrx_word' id='word_1_44' title='bbox 954 638 977 662; x_wconf 84' lang='lat' dir='ltr'>a</span> <span class='ocrx_word' id='word_1_45' title='bbox 995 630 1072 673; x_wconf 74' lang='lat' dir='ltr'>qua</span> <span class='ocrx_word' id='word_1_46' title='bbox 1090 627 1215 672; x_wconf 82' lang='lat' dir='ltr'>specie</span> <span class='ocrx_word' id='word_1_47' title='bbox 1231 625 1359 661; x_wconf 83' lang='lat' dir='ltr'>differt</span> <span class='ocrx_word' id='word_1_48' title='bbox 1376 625 1480 671; x_wconf 76' lang='lat' dir='ltr'>spica</span> <span class='ocrx_word' id='word_1_49' title='bbox 1497 624 1689 668; x_wconf 82' lang='lat' dir='ltr'>longiore,</span> <span class='ocrx_word' id='word_1_50' title='bbox 1705 620 1813 669; x_wconf 84' lang='lat' dir='ltr'>pube</span> <span class='ocrx_word' id='word_1_51' title='bbox 1823 622 2016 666; x_wconf 86' lang='lat' dir='ltr'>densiore,</span> 
     </span>
     <span class='ocr_line' id='line_1_8' title="bbox 309 670 1719 720; baseline -0.008 -5"><span class='ocrx_word' id='word_1_52' title='bbox 309 678 455 715; x_wconf 75' lang='lat' dir='ltr'>corolla</span> <span class='ocrx_word' id='word_1_53' title='bbox 474 677 629 713; x_wconf 71' lang='lat' dir='ltr'>sordide</span> <span class='ocrx_word' id='word_1_54' title='bbox 648 674 1051 711; x_wconf 77' lang='lat' dir='ltr'>caeruleo-rufescenti.</span> <span class='ocrx_word' id='word_1_55' title='bbox 1072 676 1133 709; x_wconf 90' lang='lat' dir='ltr'>An</span> <span class='ocrx_word' id='word_1_56' title='bbox 1155 674 1194 710; x_wconf 84' lang='lat' dir='ltr'>O.</span> <span class='ocrx_word' id='word_1_57' title='bbox 1216 672 1424 720; x_wconf 73' lang='lat' dir='ltr'>pubescens</span> <span class='ocrx_word' id='word_1_58' title='bbox 1443 670 1565 716; x_wconf 64' lang='lat' dir='ltr'>(Urvi)</span> <span class='ocrx_word' id='word_1_59' title='bbox 1586 670 1719 715; x_wconf 78' lang='lat' dir='ltr'>Stev.).</span> 
     </span>
    </p>
   </div>
   <div class='ocr_carea' id='block_1_4' title="bbox 975 804 1346 850">
    <p class='ocr_par' dir='ltr' id='par_1_5' title="bbox 975 804 1346 850">
     <span class='ocr_line' id='line_1_9' title="bbox 975 804 1346 850; baseline -0.008 -1"><span class='ocrx_word' id='word_1_60' title='bbox 975 807 1122 850; x_wconf 69' lang='lat' dir='ltr'>Genus</span> <span class='ocrx_word' id='word_1_61' title='bbox 1146 804 1346 847; x_wconf 71' lang='lat' dir='ltr'>dubium.</span> 
     </span>
    </p>
   </div>
   <div class='ocr_carea' id='block_1_5' title="bbox 374 916 1402 970">
    <p class='ocr_par' dir='ltr' id='par_1_6' title="bbox 374 916 1402 970">
     <span class='ocr_line' id='line_1_10' title="bbox 374 916 1402 970; baseline -0.006 -8"><span class='ocrx_word' id='word_1_62' title='bbox 374 919 611 963; x_wconf 70' lang='lat' dir='ltr'>Aieblatzcm</span> <span class='ocrx_word' id='word_1_63' title='bbox 637 920 798 961; x_wconf 89' lang='lat' dir='ltr'>Tourn.</span> <span class='ocrx_word' id='word_1_64' title='bbox 827 917 991 960; x_wconf 84' lang='lat' dir='ltr'>Coroll.</span> <span class='ocrx_word' id='word_1_65' title='bbox 1026 930 1064 970; x_wconf 87' lang='lat' dir='ltr'>p.</span> <span class='ocrx_word' id='word_1_66' title='bbox 1094 917 1164 962; x_wconf 76' lang='lat'>48,</span> <span class='ocrx_word' id='word_1_67' title='bbox 1189 916 1278 958; x_wconf 83' lang='lat' dir='ltr'>tab.</span> <span class='ocrx_word' id='word_1_68' title='bbox 1305 916 1402 957; x_wconf 66' lang='lat'>481,</span> 
     </span>
    </p>
   </div>
   <div class='ocr_carea' id='block_1_6' title="bbox 308 984 2013 1083">
    <p class='ocr_par' dir='ltr' id='par_1_7' title="bbox 308 984 2013 1083">
     <span class='ocr_line' id='line_1_11' title="bbox 356 984 2013 1040; baseline -0.006 -10"><span class='ocrx_word' id='word_1_69' title='bbox 356 995 495 1030; x_wconf 81' lang='lat' dir='ltr'>Planta</span> <span class='ocrx_word' id='word_1_70' title='bbox 520 993 683 1040; x_wconf 79' lang='lat' dir='ltr'>aphylla</span> <span class='ocrx_word' id='word_1_71' title='bbox 715 993 811 1028; x_wconf 82' lang='lat' dir='ltr'>facie</span> <span class='ocrx_word' id='word_1_72' title='bbox 845 989 1090 1028; x_wconf 72' lang='lat' dir='ltr'>Orobanclzes</span> <span class='ocrx_word' id='word_1_73' title='bbox 1114 990 1177 1025; x_wconf 87' lang='lat' dir='ltr'>vel</span> <span class='ocrx_word' id='word_1_74' title='bbox 1208 987 1407 1031; x_wconf 65' lang='lat' dir='ltr'>Laffireoe,</span> <span class='ocrx_word' id='word_1_75' title='bbox 1443 986 1589 1023; x_wconf 77' lang='lat' dir='ltr'>corolla</span> <span class='ocrx_word' id='word_1_76' title='bbox 1620 986 1791 1022; x_wconf 82' lang='lat' dir='ltr'>breviter</span> <span class='ocrx_word' id='word_1_77' title='bbox 1820 984 2013 1021; x_wconf 79' lang='lat' dir='ltr'>hilabiata</span> 
     </span>
     <span class='ocr_line' id='line_1_12' title="bbox 308 1032 2010 1083; baseline -0.006 -5"><span class='ocrx_word' id='word_1_78' title='bbox 308 1042 425 1078; x_wconf 79' lang='lat' dir='ltr'>labiis</span> <span class='ocrx_word' id='word_1_79' title='bbox 444 1042 636 1077; x_wconf 76' lang='lat' dir='ltr'>indivisis,</span> <span class='ocrx_word' id='word_1_80' title='bbox 654 1039 977 1076; x_wconf 79' lang='lat' dir='ltr'>Probabilissinie</span> <span class='ocrx_word' id='word_1_81' title='bbox 995 1036 1246 1083; x_wconf 77' lang='lat' dir='ltr'>Anoplanthz&#39;</span> <span class='ocrx_word' id='word_1_82' title='bbox 1260 1036 1350 1071; x_wconf 88' lang='lat' dir='ltr'>Icon</span> <span class='ocrx_word' id='word_1_83' title='bbox 1374 1045 1548 1071; x_wconf 82' lang='lat' dir='ltr'>erronea.</span> <span class='ocrx_word' id='word_1_84' title='bbox 1571 1033 1790 1070; x_wconf 73' lang='lat' dir='ltr'>Anblatum</span> <span class='ocrx_word' id='word_1_85' title='bbox 1813 1032 2010 1069; x_wconf 73' lang='lat' dir='ltr'>Orientale</span> 
     </span>
    </p>
   </div>
   <div class='ocr_carea' id='block_1_7' title="bbox 304 1082 1430 1137">
    <p class='ocr_par' dir='ltr' id='par_1_8' title="bbox 304 1082 1430 1137">
     <span class='ocr_line' id='line_1_13' title="bbox 304 1082 1430 1137; baseline -0.008 -11"><span class='ocrx_word' id='word_1_86' title='bbox 304 1090 405 1136; x_wconf 74' lang='lat' dir='ltr'>flore</span> <span class='ocrx_word' id='word_1_87' title='bbox 420 1092 736 1137; x_wconf 71' lang='lat' dir='ltr'>purpurascence</span> <span class='ocrx_word' id='word_1_88' title='bbox 753 1087 897 1122; x_wconf 87' lang='lat' dir='ltr'>Tourn.</span> <span class='ocrx_word' id='word_1_89' title='bbox 916 1086 986 1121; x_wconf 91' lang='lat' dir='ltr'>loc.</span> <span class='ocrx_word' id='word_1_90' title='bbox 1007 1085 1066 1121; x_wconf 88' lang='lat' dir='ltr'>cit.</span> <span class='ocrx_word' id='word_1_91' title='bbox 1087 1083 1206 1128; x_wconf 78' lang='lat' dir='ltr'>(nihil</span> <span class='ocrx_word' id='word_1_92' title='bbox 1230 1082 1430 1129; x_wconf 84' lang='lat' dir='ltr'>amplius).</span> 
     </span>
    </p>
   </div>
   <div class='ocr_carea' id='block_1_8' title="bbox 716 1275 1610 1468">
    <p class='ocr_par' dir='ltr' id='par_1_9' title="bbox 716 1275 1610 1468">
     <span class='ocr_line' id='line_1_14' title="bbox 716 1275 1610 1327; baseline -0.004 0"><span class='ocrx_word' id='word_1_93' title='bbox 716 1280 878 1327; x_wconf 85' lang='lat' dir='ltr'><strong>ORD.</strong></span> <span class='ocrx_word' id='word_1_94' title='bbox 926 1278 1033 1326; x_wconf 89' lang='lat' dir='ltr'>XC.</span> <span class='ocrx_word' id='word_1_95' title='bbox 1087 1275 1610 1324; x_wconf 79' lang='lat' dir='ltr'><strong>ACANTHACEAE.</strong></span> 
     </span>
     <span class='ocr_line' id='line_1_15' title="bbox 899 1409 1419 1468; baseline -0.006 -13"><span class='ocrx_word' id='word_1_96' title='bbox 899 1413 1040 1468; x_wconf 74' lang='lat' dir='ltr'>(Juss.</span> <span class='ocrx_word' id='word_1_97' title='bbox 1078 1410 1186 1453; x_wconf 88' lang='lat' dir='ltr'>Gen.</span> <span class='ocrx_word' id='word_1_98' title='bbox 1226 1424 1265 1465; x_wconf 90' lang='lat' dir='ltr'>p.</span> <span class='ocrx_word' id='word_1_99' title='bbox 1296 1409 1419 1466; x_wconf 71' lang='lat'>102.)</span> 
     </span>
    </p>
   </div>
   <div class='ocr_carea' id='block_1_9' title="bbox 307 1540 2011 2355">
    <p class='ocr_par' dir='ltr' id='par_1_10' title="bbox 307 1540 2011 2355">
     <span class='ocr_line' id='line_1_16' title="bbox 373 1540 2011 1596; baseline -0.002 -11"><span class='ocrx_word' id='word_1_100' title='bbox 373 1544 520 1586; x_wconf 82' lang='lat' dir='ltr'>Flores</span> <span class='ocrx_word' id='word_1_101' title='bbox 555 1543 895 1594; x_wconf 78' lang='lat' dir='ltr'>hermaphroditi</span> <span class='ocrx_word' id='word_1_102' title='bbox 924 1542 1083 1596; x_wconf 83' lang='lat' dir='ltr'>saepius</span> <span class='ocrx_word' id='word_1_103' title='bbox 1109 1540 1388 1593; x_wconf 84' lang='lat' dir='ltr'>irregulares.</span> <span class='ocrx_word' id='word_1_104' title='bbox 1417 1540 1554 1593; x_wconf 82' lang='lat' dir='ltr'>Calyx</span> <span class='ocrx_word' id='word_1_105' title='bbox 1582 1540 1825 1594; x_wconf 87' lang='lat' dir='ltr'>persistens</span> <span class='ocrx_word' id='word_1_106' title='bbox 1849 1541 2011 1592; x_wconf 85' lang='lat' dir='ltr'>sepalis</span> 
     </span>
     <span class='ocr_line' id='line_1_17' title="bbox 312 1597 2009 1657; baseline -0.002 -13"><span class='ocrx_word' id='word_1_107' title='bbox 312 1605 374 1646; x_wconf 87' lang='lat' dir='ltr'>vel</span> <span class='ocrx_word' id='word_1_108' title='bbox 402 1603 636 1657; x_wconf 74' lang='lat' dir='ltr'>segmentis</span> <span class='ocrx_word' id='word_1_109' title='bbox 666 1603 860 1656; x_wconf 84' lang='lat' dir='ltr'>quinque</span> <span class='ocrx_word' id='word_1_110' title='bbox 902 1602 964 1643; x_wconf 89' lang='lat' dir='ltr'>vel</span> <span class='ocrx_word' id='word_1_111' title='bbox 1000 1601 1153 1643; x_wconf 87' lang='lat' dir='ltr'>abortu</span> <span class='ocrx_word' id='word_1_112' title='bbox 1195 1604 1383 1654; x_wconf 85' lang='lat' dir='ltr'>quatuor</span> <span class='ocrx_word' id='word_1_113' title='bbox 1418 1598 1569 1642; x_wconf 88' lang='lat' dir='ltr'>liberis</span> <span class='ocrx_word' id='word_1_114' title='bbox 1604 1597 1674 1642; x_wconf 86' lang='lat' dir='ltr'>vel</span> <span class='ocrx_word' id='word_1_115' title='bbox 1710 1598 1871 1651; x_wconf 72' lang='lat' dir='ltr'>saepius</span> <span class='ocrx_word' id='word_1_116' title='bbox 1909 1599 2009 1652; x_wconf 85' lang='lat' dir='ltr'>plns</span> 
     </span>
     <span class='ocr_line' id='line_1_18' title="bbox 311 1657 2010 1713; baseline -0.001 -10"><span class='ocrx_word' id='word_1_117' title='bbox 311 1663 454 1705; x_wconf 87' lang='lat' dir='ltr'>minus</span> <span class='ocrx_word' id='word_1_118' title='bbox 472 1664 554 1704; x_wconf 84' lang='lat' dir='ltr'>alte</span> <span class='ocrx_word' id='word_1_119' title='bbox 571 1662 779 1704; x_wconf 79' lang='lat' dir='ltr'>connatis.</span> <span class='ocrx_word' id='word_1_120' title='bbox 800 1661 965 1703; x_wconf 87' lang='lat' dir='ltr'>Corolla</span> <span class='ocrx_word' id='word_1_121' title='bbox 984 1659 1251 1713; x_wconf 80' lang='lat' dir='ltr'>gamopetala</span> <span class='ocrx_word' id='word_1_122' title='bbox 1270 1659 1401 1701; x_wconf 87' lang='lat' dir='ltr'>limbo</span> <span class='ocrx_word' id='word_1_123' title='bbox 1420 1669 1536 1701; x_wconf 91' lang='lat' dir='ltr'>nunc</span> <span class='ocrx_word' id='word_1_124' title='bbox 1549 1657 1776 1712; x_wconf 85' lang='lat' dir='ltr'>aequaliter</span> <span class='ocrx_word' id='word_1_125' title='bbox 1794 1657 2010 1711; x_wconf 76' lang='lat' dir='ltr'>quinque-</span> 
     </span>
     <span class='ocr_line' id='line_1_19' title="bbox 310 1716 2008 1772; baseline -0.002 -9"><span class='ocrx_word' id='word_1_126' title='bbox 310 1722 406 1764; x_wconf 88' lang='lat' dir='ltr'>lobo</span> <span class='ocrx_word' id='word_1_127' title='bbox 435 1734 548 1764; x_wconf 86' lang='lat' dir='ltr'>nnnc</span> <span class='ocrx_word' id='word_1_128' title='bbox 578 1721 779 1763; x_wconf 75' lang='lat' dir='ltr'>liilabiato</span> <span class='ocrx_word' id='word_1_129' title='bbox 807 1732 922 1763; x_wconf 90' lang='lat' dir='ltr'>nnnc</span> <span class='ocrx_word' id='word_1_130' title='bbox 957 1719 1205 1762; x_wconf 86' lang='lat' dir='ltr'>nnilabiato.</span> <span class='ocrx_word' id='word_1_131' title='bbox 1244 1717 1437 1760; x_wconf 80' lang='lat' dir='ltr'>Stamina</span> <span class='ocrx_word' id='word_1_132' title='bbox 1473 1718 1499 1758; x_wconf 72' lang='lat'>4</span> <span class='ocrx_word' id='word_1_133' title='bbox 1535 1717 1767 1772; x_wconf 87' lang='lat' dir='ltr'>didynama</span> <span class='ocrx_word' id='word_1_134' title='bbox 1806 1717 1875 1758; x_wconf 86' lang='lat' dir='ltr'>vel</span> <span class='ocrx_word' id='word_1_135' title='bbox 1909 1716 2008 1759; x_wconf 85' lang='lat' dir='ltr'>bina</span> 
     </span>
     <span class='ocr_line' id='line_1_20' title="bbox 308 1775 2009 1830; baseline -0.002 -8"><span class='ocrx_word' id='word_1_136' title='bbox 308 1781 446 1823; x_wconf 85' lang='lat' dir='ltr'>antica</span> <span class='ocrx_word' id='word_1_137' title='bbox 470 1781 577 1823; x_wconf 82' lang='lat' dir='ltr'>sauci</span> <span class='ocrx_word' id='word_1_138' title='bbox 605 1782 783 1830; x_wconf 69' lang='lat' dir='ltr'>inserta,</span> <span class='ocrx_word' id='word_1_139' title='bbox 810 1780 1002 1822; x_wconf 80' lang='lat' dir='ltr'>antherae</span> <span class='ocrx_word' id='word_1_140' title='bbox 1024 1778 1284 1821; x_wconf 88' lang='lat' dir='ltr'>bilocnlares</span> <span class='ocrx_word' id='word_1_141' title='bbox 1316 1777 1470 1819; x_wconf 83' lang='lat' dir='ltr'>loculis</span> <span class='ocrx_word' id='word_1_142' title='bbox 1505 1788 1619 1818; x_wconf 86' lang='lat' dir='ltr'>nunc</span> <span class='ocrx_word' id='word_1_143' title='bbox 1645 1775 1864 1830; x_wconf 82' lang='lat' dir='ltr'>parallelis</span> <span class='ocrx_word' id='word_1_144' title='bbox 1893 1788 2009 1818; x_wconf 86' lang='lat' dir='ltr'>nunc</span> 
     </span>
     <span class='ocr_line' id='line_1_21' title="bbox 308 1835 2009 1890; baseline -0.002 -9"><span class='ocrx_word' id='word_1_145' title='bbox 308 1840 443 1882; x_wconf 89' lang='lat' dir='ltr'>altero</span> <span class='ocrx_word' id='word_1_146' title='bbox 471 1840 723 1881; x_wconf 77' lang='lat' dir='ltr'>connectivo</span> <span class='ocrx_word' id='word_1_147' title='bbox 756 1840 886 1881; x_wconf 88' lang='lat' dir='ltr'>altius</span> <span class='ocrx_word' id='word_1_148' title='bbox 918 1839 1056 1880; x_wconf 83' lang='lat' dir='ltr'>affixo.</span> <span class='ocrx_word' id='word_1_149' title='bbox 1095 1837 1301 1879; x_wconf 79' lang='lat' dir='ltr'>Ovarium</span> <span class='ocrx_word' id='word_1_150' title='bbox 1339 1848 1549 1890; x_wconf 89' lang='lat' dir='ltr'>superum</span> <span class='ocrx_word' id='word_1_151' title='bbox 1591 1835 1828 1877; x_wconf 87' lang='lat' dir='ltr'>biloculare</span> <span class='ocrx_word' id='word_1_152' title='bbox 1866 1836 2009 1877; x_wconf 87' lang='lat' dir='ltr'>ovulis</span> 
     </span>
     <span class='ocr_line' id='line_1_22' title="bbox 307 1893 2006 1952; baseline -0.002 -12"><span class='ocrx_word' id='word_1_153' title='bbox 307 1899 529 1952; x_wconf 85' lang='lat' dir='ltr'>anatropis</span> <span class='ocrx_word' id='word_1_154' title='bbox 561 1899 599 1940; x_wconf 87' lang='lat' dir='ltr'>in</span> <span class='ocrx_word' id='word_1_155' title='bbox 635 1899 775 1941; x_wconf 88' lang='lat' dir='ltr'>loculo</span> <span class='ocrx_word' id='word_1_156' title='bbox 798 1898 910 1941; x_wconf 87' lang='lat' dir='ltr'>binis</span> <span class='ocrx_word' id='word_1_157' title='bbox 940 1898 1006 1940; x_wconf 82' lang='lat' dir='ltr'>vel</span> <span class='ocrx_word' id='word_1_158' title='bbox 1034 1896 1294 1939; x_wconf 87' lang='lat' dir='ltr'>numerosis.</span> <span class='ocrx_word' id='word_1_159' title='bbox 1320 1893 1506 1949; x_wconf 87' lang='lat' dir='ltr'>Capsula</span> <span class='ocrx_word' id='word_1_160' title='bbox 1531 1894 1706 1948; x_wconf 80' lang='lat' dir='ltr'>globosa</span> <span class='ocrx_word' id='word_1_161' title='bbox 1730 1893 1914 1946; x_wconf 81' lang='lat' dir='ltr'>oblonga</span> <span class='ocrx_word' id='word_1_162' title='bbox 1939 1895 2006 1936; x_wconf 85' lang='lat' dir='ltr'>vel</span> 
     </span>
     <span class='ocr_line' id='line_1_23' title="bbox 308 1953 2007 2010; baseline -0.002 -11"><span class='ocrx_word' id='word_1_163' title='bbox 308 1957 485 2000; x_wconf 85' lang='lat' dir='ltr'>linearis</span> <span class='ocrx_word' id='word_1_164' title='bbox 510 1957 561 1999; x_wconf 88' lang='lat' dir='ltr'>ab</span> <span class='ocrx_word' id='word_1_165' title='bbox 585 1959 703 2010; x_wconf 82' lang='lat' dir='ltr'>apice</span> <span class='ocrx_word' id='word_1_166' title='bbox 730 1957 780 1999; x_wconf 83' lang='lat' dir='ltr'>ad</span> <span class='ocrx_word' id='word_1_167' title='bbox 810 1958 931 2000; x_wconf 86' lang='lat' dir='ltr'>basin</span> <span class='ocrx_word' id='word_1_168' title='bbox 954 1955 1180 1999; x_wconf 88' lang='lat' dir='ltr'>loculicide</span> <span class='ocrx_word' id='word_1_169' title='bbox 1199 1958 1240 1997; x_wconf 87' lang='lat' dir='ltr'>et</span> <span class='ocrx_word' id='word_1_170' title='bbox 1259 1966 1373 2008; x_wconf 82' lang='lat' dir='ltr'>saepe</span> <span class='ocrx_word' id='word_1_171' title='bbox 1395 1954 1569 1996; x_wconf 85' lang='lat' dir='ltr'>elastice</span> <span class='ocrx_word' id='word_1_172' title='bbox 1595 1953 1838 1999; x_wconf 85' lang='lat' dir='ltr'>dehiscens,</span> <span class='ocrx_word' id='word_1_173' title='bbox 1872 1953 2007 1995; x_wconf 85' lang='lat' dir='ltr'>valvis</span> 
     </span>
     <span class='ocr_line' id='line_1_24' title="bbox 308 2011 2009 2070; baseline -0.003 -11"><span class='ocrx_word' id='word_1_174' title='bbox 308 2018 451 2059; x_wconf 86' lang='lat' dir='ltr'>medio</span> <span class='ocrx_word' id='word_1_175' title='bbox 479 2017 714 2070; x_wconf 78' lang='lat' dir='ltr'>semisepta</span> <span class='ocrx_word' id='word_1_176' title='bbox 742 2017 990 2059; x_wconf 69' lang='lat' dir='ltr'>seminil’era</span> <span class='ocrx_word' id='word_1_177' title='bbox 1027 2014 1286 2057; x_wconf 84' lang='lat' dir='ltr'>ferentibus.</span> <span class='ocrx_word' id='word_1_178' title='bbox 1323 2013 1497 2056; x_wconf 86' lang='lat' dir='ltr'>Semina</span> <span class='ocrx_word' id='word_1_179' title='bbox 1520 2012 1584 2067; x_wconf 82' lang='lat' dir='ltr'>(in</span> <span class='ocrx_word' id='word_1_180' title='bbox 1608 2011 1794 2066; x_wconf 78' lang='lat' dir='ltr'>nostris)</span> <span class='ocrx_word' id='word_1_181' title='bbox 1817 2011 2009 2054; x_wconf 87' lang='lat' dir='ltr'>funiculo</span> 
     </span>
     <span class='ocr_line' id='line_1_25' title="bbox 309 2069 2009 2127; baseline -0.004 -9"><span class='ocrx_word' id='word_1_182' title='bbox 309 2080 478 2118; x_wconf 80' lang='lat' dir='ltr'>accreto</span> <span class='ocrx_word' id='word_1_183' title='bbox 506 2076 708 2118; x_wconf 83' lang='lat' dir='ltr'>indurato</span> <span class='ocrx_word' id='word_1_184' title='bbox 741 2076 922 2118; x_wconf 86' lang='lat' dir='ltr'>incurvo</span> <span class='ocrx_word' id='word_1_185' title='bbox 961 2076 1222 2117; x_wconf 82' lang='lat' dir='ltr'>ascendente</span> <span class='ocrx_word' id='word_1_186' title='bbox 1259 2072 1545 2127; x_wconf 74' lang='lat' dir='ltr'>(retinaculo)</span> <span class='ocrx_word' id='word_1_187' title='bbox 1588 2071 1779 2114; x_wconf 87' lang='lat' dir='ltr'>suffulta.</span> <span class='ocrx_word' id='word_1_188' title='bbox 1819 2069 2009 2125; x_wconf 79' lang='lat' dir='ltr'>Einbryo</span> 
     </span>
     <span class='ocr_line' id='line_1_26' title="bbox 310 2128 2010 2189; baseline -0.003 -12"><span class='ocrx_word' id='word_1_189' title='bbox 310 2140 456 2178; x_wconf 85' lang='lat' dir='ltr'>rectus</span> <span class='ocrx_word' id='word_1_190' title='bbox 476 2136 921 2189; x_wconf 74' lang='lat' dir='ltr'>plano-compressus,</span> <span class='ocrx_word' id='word_1_191' title='bbox 941 2134 1131 2176; x_wconf 77' lang='lat' dir='ltr'>radicula</span> <span class='ocrx_word' id='word_1_192' title='bbox 1158 2133 1306 2174; x_wconf 81' lang='lat' dir='ltr'>infera.</span> <span class='ocrx_word' id='word_1_193' title='bbox 1333 2131 1551 2173; x_wconf 88' lang='lat' dir='ltr'>Albumen</span> <span class='ocrx_word' id='word_1_194' title='bbox 1579 2130 1763 2173; x_wconf 89' lang='lat' dir='ltr'>nullum.</span> <span class='ocrx_word' id='word_1_195' title='bbox 1784 2128 2010 2172; x_wconf 79' lang='lat' dir='ltr'>—Herbae</span> 
     </span>
     <span class='ocr_line' id='line_1_27' title="bbox 313 2188 2008 2245; baseline -0.004 -8"><span class='ocrx_word' id='word_1_196' title='bbox 313 2194 562 2237; x_wconf 82' lang='lat' dir='ltr'>snl&#39;frutices</span> <span class='ocrx_word' id='word_1_197' title='bbox 597 2198 638 2237; x_wconf 87' lang='lat' dir='ltr'>et</span> <span class='ocrx_word' id='word_1_198' title='bbox 670 2201 865 2236; x_wconf 79' lang='lat' dir='ltr'>arbores.</span> <span class='ocrx_word' id='word_1_199' title='bbox 906 2193 1070 2236; x_wconf 79' lang='lat' dir='ltr'>Praeter</span> <span class='ocrx_word' id='word_1_200' title='bbox 1102 2204 1240 2245; x_wconf 80' lang='lat' dir='ltr'>genus</span> <span class='ocrx_word' id='word_1_201' title='bbox 1276 2189 1527 2232; x_wconf 73' lang='lat' dir='ltr'>Acanthum</span> <span class='ocrx_word' id='word_1_202' title='bbox 1559 2189 1729 2243; x_wconf 86' lang='lat' dir='ltr'>species</span> <span class='ocrx_word' id='word_1_203' title='bbox 1764 2188 1876 2231; x_wconf 85' lang='lat' dir='ltr'>infra</span> <span class='ocrx_word' id='word_1_204' title='bbox 1902 2200 2008 2231; x_wconf 90' lang='lat' dir='ltr'>enu-</span> 
     </span>
     <span class='ocr_line' id='line_1_28' title="bbox 310 2249 2009 2307; baseline -0.004 -12"><span class='ocrx_word' id='word_1_205' title='bbox 310 2258 486 2296; x_wconf 75' lang='lat' dir='ltr'>meratae</span> <span class='ocrx_word' id='word_1_206' title='bbox 516 2253 693 2307; x_wconf 78' lang='lat' dir='ltr'>tropicae</span> <span class='ocrx_word' id='word_1_207' title='bbox 722 2254 789 2295; x_wconf 89' lang='lat' dir='ltr'>vel</span> <span class='ocrx_word' id='word_1_208' title='bbox 814 2252 1074 2306; x_wconf 82' lang='lat' dir='ltr'>subtropicae</span> <span class='ocrx_word' id='word_1_209' title='bbox 1103 2256 1208 2294; x_wconf 87' lang='lat' dir='ltr'>sunt</span> <span class='ocrx_word' id='word_1_210' title='bbox 1232 2262 1344 2293; x_wconf 81' lang='lat' dir='ltr'>areae</span> <span class='ocrx_word' id='word_1_211' title='bbox 1363 2250 1660 2304; x_wconf 70' lang='lat' dir='ltr'>geographicae</span> <span class='ocrx_word' id='word_1_212' title='bbox 1676 2249 1882 2303; x_wconf 87' lang='lat' dir='ltr'>majorem</span> <span class='ocrx_word' id='word_1_213' title='bbox 1910 2260 2009 2301; x_wconf 90' lang='lat' dir='ltr'>par-</span> 
     </span>
     <span class='ocr_line' id='line_1_29' title="bbox 310 2310 1239 2355; baseline -0.002 -1"><span class='ocrx_word' id='word_1_214' title='bbox 310 2316 395 2355; x_wconf 84' lang='lat' dir='ltr'>tem</span> <span class='ocrx_word' id='word_1_215' title='bbox 423 2315 546 2354; x_wconf 72' lang='lat' dir='ltr'>extra</span> <span class='ocrx_word' id='word_1_216' title='bbox 571 2313 775 2354; x_wconf 81' lang='lat' dir='ltr'>ditionem</span> <span class='ocrx_word' id='word_1_217' title='bbox 802 2315 997 2355; x_wconf 85' lang='lat' dir='ltr'>nostram</span> <span class='ocrx_word' id='word_1_218' title='bbox 1019 2310 1239 2353; x_wconf 84' lang='lat' dir='ltr'>habentes.</span> 
     </span>
    </p>
   </div>
   <div class='ocr_carea' id='block_1_10' title="bbox 371 2468 2008 2633">
    <p class='ocr_par' dir='ltr' id='par_1_11' title="bbox 371 2468 2008 2633">
     <span class='ocr_line' id='line_1_30' title="bbox 371 2468 2008 2522; baseline -0.003 -10"><span class='ocrx_word' id='word_1_219' title='bbox 371 2471 446 2513; x_wconf 72' lang='grc' dir='ltr'>ΤΡ..</span> <span class='ocrx_word' id='word_1_220' title='bbox 476 2471 510 2512; x_wconf 89' lang='grc' dir='ltr'>Ι.</span> <span class='ocrx_word' id='word_1_221' title='bbox 548 2470 859 2515; x_wconf 82' lang='lat' dir='ltr'>RUELLIEAE.</span> <span class='ocrx_word' id='word_1_222' title='bbox 896 2497 952 2502; x_wconf 88' lang='lat'>—</span> <span class='ocrx_word' id='word_1_223' title='bbox 985 2472 1166 2515; x_wconf 84' lang='lat' dir='ltr'>Corollae</span> <span class='ocrx_word' id='word_1_224' title='bbox 1191 2471 1275 2514; x_wconf 91' lang='lat' dir='ltr'>lobi</span> <span class='ocrx_word' id='word_1_225' title='bbox 1299 2470 1498 2514; x_wconf 88' lang='lat' dir='ltr'>contorti.</span> <span class='ocrx_word' id='word_1_226' title='bbox 1540 2468 1712 2511; x_wconf 87' lang='lat' dir='ltr'>Semina</span> <span class='ocrx_word' id='word_1_227' title='bbox 1744 2468 2008 2522; x_wconf 82' lang='lat' dir='ltr'>plano-com-</span> 
     </span>
     <span class='ocr_line' id='line_1_31' title="bbox 605 2525 2006 2586; baseline -0.004 -14"><span class='ocrx_word' id='word_1_228' title='bbox 605 2542 756 2584; x_wconf 80' lang='lat' dir='ltr'>pressa</span> <span class='ocrx_word' id='word_1_229' title='bbox 796 2531 882 2574; x_wconf 85' lang='lat' dir='ltr'>hilo</span> <span class='ocrx_word' id='word_1_230' title='bbox 915 2544 1052 2586; x_wconf 84' lang='lat' dir='ltr'>prope</span> <span class='ocrx_word' id='word_1_231' title='bbox 1091 2532 1211 2574; x_wconf 80' lang='lat' dir='ltr'>basin</span> <span class='ocrx_word' id='word_1_232' title='bbox 1256 2529 1494 2582; x_wconf 80' lang='lat' dir='ltr'>marginali,</span> <span class='ocrx_word' id='word_1_233' title='bbox 1538 2527 1731 2570; x_wconf 82' lang='lat' dir='ltr'>funiculo</span> <span class='ocrx_word' id='word_1_234' title='bbox 1767 2525 2006 2580; x_wconf 86' lang='lat' dir='ltr'>saepissime</span> 
     </span>
     <span class='ocr_line' id='line_1_32' title="bbox 604 2590 1463 2633; baseline -0.002 -2"><span class='ocrx_word' id='word_1_235' title='bbox 604 2590 647 2631; x_wconf 90' lang='lat' dir='ltr'>in</span> <span class='ocrx_word' id='word_1_236' title='bbox 671 2590 958 2633; x_wconf 85' lang='lat' dir='ltr'>retinaculum</span> <span class='ocrx_word' id='word_1_237' title='bbox 986 2591 1215 2633; x_wconf 88' lang='lat' dir='ltr'>incurvum</span> <span class='ocrx_word' id='word_1_238' title='bbox 1244 2590 1463 2632; x_wconf 85' lang='lat' dir='ltr'>indurato.</span> 
     </span>
    </p>
   </div>
   <div class='ocr_carea' id='block_1_11' title="bbox 308 2739 2008 2868">
    <p class='ocr_par' dir='ltr' id='par_1_12' title="bbox 308 2739 2008 2868">
     <span class='ocr_line' id='line_1_33' title="bbox 308 2739 2008 2805; baseline -0.004 -14"><span class='ocrx_word' id='word_1_239' title='bbox 308 2744 633 2793; x_wconf 69' lang='lat' dir='ltr'>flthtol’fflLA</span> <span class='ocrx_word' id='word_1_240' title='bbox 661 2746 723 2804; x_wconf 77' lang='lat' dir='ltr'>(R.</span> <span class='ocrx_word' id='word_1_241' title='bbox 754 2746 824 2793; x_wconf 87' lang='lat' dir='ltr'>Br.</span> <span class='ocrx_word' id='word_1_242' title='bbox 859 2745 1001 2794; x_wconf 82' lang='lat' dir='ltr'>Prodr.</span> <span class='ocrx_word' id='word_1_243' title='bbox 1029 2745 1130 2792; x_wconf 72' lang='lat'><strong>479.</strong></span> <span class='ocrx_word' id='word_1_244' title='bbox 1168 2773 1230 2778; x_wconf 90' lang='lat'>—</span> <span class='ocrx_word' id='word_1_245' title='bbox 1269 2741 1654 2805; x_wconf 75' lang='lat' dir='ltr'>Hemz&#39;adelphis</span> <span class='ocrx_word' id='word_1_246' title='bbox 1679 2740 1808 2787; x_wconf 86' lang='lat' dir='ltr'>Nees</span> <span class='ocrx_word' id='word_1_247' title='bbox 1832 2739 1886 2786; x_wconf 91' lang='lat' dir='ltr'>in</span> <span class='ocrx_word' id='word_1_248' title='bbox 1915 2752 2008 2785; x_wconf 71' lang='lat' dir='ltr'>nc.</span> 
     </span>
     <span class='ocr_line' id='line_1_34' title="bbox 964 2809 1371 2868; baseline -0.005 -11"><span class='ocrx_word' id='word_1_249' title='bbox 964 2810 1137 2857; x_wconf 86' lang='lat' dir='ltr'>Prodr.</span> <span class='ocrx_word' id='word_1_250' title='bbox 1165 2809 1246 2867; x_wconf 86' lang='grc' dir='ltr'>ΧΙ,</span> <span class='ocrx_word' id='word_1_251' title='bbox 1274 2810 1371 2868; x_wconf 82' lang='grc'>80).</span> 
     </span>
    </p>
   </div>
   <div class='ocr_carea' id='block_1_12' title="bbox 310 2922 2010 3039">
    <p class='ocr_par' dir='ltr' id='par_1_13' title="bbox 310 2922 2010 3039">
     <span class='ocr_line' id='line_1_35' title="bbox 370 2922 2010 2980; baseline -0.004 -14"><span class='ocrx_word' id='word_1_252' title='bbox 370 2924 537 2979; x_wconf 84' lang='lat' dir='ltr'>Calycis</span> <span class='ocrx_word' id='word_1_253' title='bbox 579 2930 799 2979; x_wconf 76' lang='lat' dir='ltr'>segmenta</span> <span class='ocrx_word' id='word_1_254' title='bbox 841 2928 865 2968; x_wconf 83' lang='lat'>5</span> <span class='ocrx_word' id='word_1_255' title='bbox 914 2929 1096 2980; x_wconf 83' lang='lat' dir='ltr'>angusta</span> <span class='ocrx_word' id='word_1_256' title='bbox 1135 2925 1246 2967; x_wconf 85' lang='lat' dir='ltr'>infra</span> <span class='ocrx_word' id='word_1_257' title='bbox 1287 2925 1474 2967; x_wconf 86' lang='lat' dir='ltr'>medium</span> <span class='ocrx_word' id='word_1_258' title='bbox 1514 2923 1612 2977; x_wconf 88' lang='lat' dir='ltr'>plus</span> <span class='ocrx_word' id='word_1_259' title='bbox 1645 2922 1790 2964; x_wconf 85' lang='lat' dir='ltr'>minus</span> <span class='ocrx_word' id='word_1_260' title='bbox 1830 2922 2010 2962; x_wconf 86' lang='lat' dir='ltr'>connata</span> 
     </span>
     <span class='ocr_line' id='line_1_36' title="bbox 310 2979 2009 3039; baseline -0.005 -12"><span class='ocrx_word' id='word_1_261' title='bbox 310 2997 464 3037; x_wconf 88' lang='lat' dir='ltr'>parum</span> <span class='ocrx_word' id='word_1_262' title='bbox 489 2985 734 3039; x_wconf 56' lang='lat' dir='ltr'>inaequalia.</span> <span class='ocrx_word' id='word_1_263' title='bbox 775 2984 944 3029; x_wconf 85' lang='lat' dir='ltr'>Corolla</span> <span class='ocrx_word' id='word_1_264' title='bbox 970 2985 1147 3039; x_wconf 85' lang='lat' dir='ltr'>ringens</span> <span class='ocrx_word' id='word_1_265' title='bbox 1174 2984 1374 3027; x_wconf 83' lang='lat' dir='ltr'>bilabiata</span> <span class='ocrx_word' id='word_1_266' title='bbox 1397 2983 1510 3026; x_wconf 87' lang='lat' dir='ltr'>labio</span> <span class='ocrx_word' id='word_1_267' title='bbox 1535 2981 1764 3036; x_wconf 85' lang='lat' dir='ltr'>superiore</span> <span class='ocrx_word' id='word_1_268' title='bbox 1789 2979 2009 3021; x_wconf 85' lang='lat' dir='ltr'>bidentato</span> 
     </span>
    </p>
   </div>
  </div>
 </body>
</html>
