2100 3262
262 235 333 271 490
910 241 1319 267 SCROPHULARIACEAE.
1672 234 1972 282 Scrophularz'a.

312 315 467 361 Species
487 314 670 350 foliorum
696 313 889 349 divisione
919 316 955 348 et
984 313 1217 348 laciniarum
1248 314 1373 350 forma
1405 315 1520 350 valde
1544 316 1748 352 variabilis
1777 317 1845 352 sed
1875 317 1976 353 inter

263 373 399 398 omnes
418 363 565 397 formas
583 361 771 396 transitus
791 361 1061 395 observantur.
1094 361 1222 406 Hujus
1250 371 1340 396 area
1365 362 1414 397 ad
1443 361 1641 398 Orientem
1665 364 1767 399 ultra
1785 364 1972 399 Tauriani

263 412 299 445 et
318 409 548 444 Anatoliam
569 408 845 443 occide-ntalem
869 409 906 443 et
926 408 1126 443 borealem
1157 418 1234 443 non
1268 409 1450 454 progredi
1470 410 1622 445 videtur
1640 412 1678 445 et
1696 411 1906 456 specimina
1927 422 1975 450 ex

266 457 441 492 Caucaso
463 459 500 491 et
517 455 632 500 Syria
651 455 726 490 huc
744 455 867 490 relata
888 455 937 490 ad
955 455 1105 501 species
1124 455 1300 491 diversas
1321 458 1498 501 spectant

311 521 369 556 Ar.
390 521 522 563 Geoqr.
550 519 707 565 Europa
737 519 865 554 media
889 521 927 554 et
957 519 1144 554 australis
1165 520 1247 554 tota
1265 530 1288 554 a
1306 519 1455 565 Belgio,
1485 520 1698 557 Germania
1728 522 1894 557 australi
1926 523 1974 560 ad

262 568 437 613 reginem
456 566 719 602 Danubialem
739 568 775 600 et
793 566 977 601 Rossiam
999 566 1225 611 australem,
1244 567 1374 613 Africa
1395 567 1576 602 borealis.

321 697 400 738 73.
441 694 500 737 S.
544 693 821 737 Cabulica
855 693 972 749 (Bia.
1010 694 1050 735 in
1092 706 1176 735 D.c.
1204 694 1358 736 Prodr.
1391 693 1443 737 X.
1469 709 1517 749 p.
1564 693 1670 749 346)
1710 695 1974 748 glaberrima

263 754 529 797 ninlticanlis
554 754 851 805 glaucescens,
883 753 1080 795 caulibus
1108 754 1265 795 erectis
1292 753 1443 805 rigidis
1471 757 1592 806 parte
1627 754 1821 797 inferiori
1849 766 1976 808 parce

261 815 428 856 foliosis
457 814 500 854 in
528 813 703 865 thyrsos
729 814 948 865 elongatos
975 812 1135 864 rigidos
1157 813 1437 865 abeuntibus,
1464 814 1577 854 foliis
1602 814 1974 867 oblongo-lanceo-

263 873 362 914 latis
390 872 583 914 obsolete
612 871 1028 925 repando-dentatis,
1061 871 1196 922 cymis
1227 871 1444 913 5-7-floris
1483 872 1768 914 inferioribus
1807 873 1973 926 pedun-

262 932 417 974 culatis
438 931 705 973 divaricatim
736 931 881 973 bifidis
906 930 1128 982 supremis
1148 930 1414 972 abbreviatis
1435 931 1767 983 subsessilibus,
1790 932 1975 974 floribus

262 991 411 1045 parvis
437 991 613 1032 remotis
641 990 885 1038 sessilibus‚
910 989 1068 1043 calycis
1094 989 1260 1031 laciniis
1286 989 1484 1042 obtongis
1514 991 1684 1032 obtusis
1711 991 1782 1033 vix
1818 991 1974 1043 margi-

262 1051 392 1099 natis,
420 1049 659 1104 appendice
690 1049 843 1090 lineari
880 1055 915 1094 26
940 1081 947 1088 .

263 1124 409 1217 KHalo).
429 1125 479 1159 ad
498 1124 671 1160 Bamean
690 1124 801 1168 regni
820 1123 997 1159 Cabulici
1016 1123 1057 1158 in
1075 1123 1202 1159 alveis
1232 1123 1461 1159 torrentiam
1491 1124 1620 1167 (Griff.
1649 1123 1763 1159 3874!
1797 1124 1838 1159 in
1868 1123 1975 1161 herb.

301 1174 384 1207 er
413 1199 419 1205 .

310 1235 368 1270 Ex
400 1235 682 1281 speciminibus
716 1234 832 1269 valde
864 1233 1101 1280 imperfectis
1132 1235 1234 1279 nota,
1266 1234 1394 1268 affinis
1426 1233 1462 1270 S.
1483 1234 1639 1270 cam'nae
1670 1234 1740 1270 sed
1770 1234 1868 1269 folia
1897 1234 1976 1270 fere

266 1282 430 1327 integra.

560 1425 581 1476 ξ
608 1427 647 1466 Ξ.
686 1423 1073 1479 Sparsifoliae.
1104 1449 1159 1454 —
1185 1424 1301 1465 Folia
1328 1424 1468 1466 omnia
1495 1436 1662 1478 sparsa.

324 1569 389 1609 74.
425 1567 483 1610 S.
525 1566 915 1610 crassicaulis
949 1565 1110 1619 (Boiss.
1143 1566 1296 1618 Diagn.
1325 1563 1423 1608 Ser.
1461 1567 1496 1615 I,
1525 1565 1597 1617 Η,
1628 1580 1669 1621 p.
1702 1565 1777 1618 37)
1803 1566 1974 1618 glaber-

262 1629 370 1670 rima
403 1627 670 1680 pluricanlis,
696 1627 894 1668 caulibus
914 1625 1075 1668 crassis
1101 1625 1291 1667 medulla
1314 1626 1460 1667 fai-ctis
1487 1626 1645 1667 erectis
1671 1637 1798 1678 parce
1813 1625 1974 1669 foliatis

262 1700 283 1729 a
311 1690 435 1739 parte
462 1686 657 1727 infcriori
684 1697 736 1726 ex
760 1686 901 1728 axillis
931 1685 1116 1727 ramosis
1145 1685 1278 1726 ramis
1305 1685 1467 1727 strictis
1497 1685 1708 1738 elongatis
1732 1685 1973 1738 sterilibus,

262 1746 376 1787 foliis
400 1745 602 1788 omnibns
628 1745 809 1787 alternis
838 1744 1133 1798 integerrimis
1162 1744 1627 1797 obovato-spatliulatis
1665 1748 1707 1786 et
1735 1744 1975 1787 linearibus

263 1806 446 1848 obtusis.
484 1817 703 1846 ramorum
744 1804 984 1846 linearibus
1026 1804 1267 1855 angustatis
1304 1803 1531 1852 brevibus,
1571 1803 1722 1856 thyrso
1756 1803 1974 1845 terminali

262 1865 360 1906 laxo
394 1863 642 1917 paucifloro,
679 1864 816 1917 cymis
850 1863 1134 1905 inferioribus
1161 1862 1429 1903 subtrissoris
1461 1862 1629 1904 caeteris
1660 1861 1859 1904 unissoris
1885 1874 1974 1904 om-

264 1923 393 1965 nibus
417 1923 677 1976 pedunculis
714 1922 853 1975 longis
877 1922 1038 1964 crassis
1065 1921 1272 1969 suffultis,
1314 1922 1538 1974 pedicellis
1578 1922 1722 1974 calyce
1760 1921 1975 1964 breviori-

261 1982 359 2025 bus.
384 1982 571 2024 bracteis
596 1982 836 2024 linearibus
865 1981 1019 2028 acutis,
1048 1981 1280 2023 bracteolis
1300 1981 1512 2023 brevibus
1535 1981 1732 2033 margine
1757 1980 1972 2030 scariosis‚

262 2041 447 2084 floribus
482 2043 663 2093 magnis,
689 2042 848 2094 calycis
878 2040 1045 2082 laciniis
1074 2040 1214 2081 ovatis
1244 2040 1454 2081 latissime
1483 2040 1875 2091 albo-marginatis,
1910 2053 1975 2082 co-

262 2101 374 2142 rolla
405 2102 646 2154 purpurea.
685 2100 945 2142 staminibus
973 2099 1169 2144 inclusis,
1236 2099 1446 2152 ppendice
1482 2099 1564 2141 lale
1602 2099 1842 2148 rcniformi,
1878 2111 1975 2153 cap-

261 2160 357 2201 sula
385 2161 540 2212 inagna
562 2160 739 2211 globosa
761 2159 1043 2200 obtusissima
1077 2159 1220 2211 calyce
1244 2158 1594 2211 sesquilongiore
1623 2160 1875 2201 mucronata
1912 2165 1972 2206 26.

308 2234 410 2269 Hab.
430 2234 470 2268 in
494 2234 598 2269 valle
616 2235 794 2280 Talagon
814 2234 959 2269 montis
979 2233 1123 2268 Elbrus
1141 2232 1285 2267 Persiae
1306 2232 1476 2267 borealis
1498 2232 1589 2278 (Ky.
1607 2232 1728 2277 5230.

309 2298 464 2345 Species
499 2299 668 2343 insignis
700 2299 796 2335 facie
828 2298 1070 2335 Centramlzz'.
1103 2297 1404 2344 sesquipedaliS,
1436 2298 1530 2333 folia
1559 2298 1795 2334 intermedia
1824 2299 1976 2346 sesqui-

261 2345 465 2391 pollicaria
483 2347 551 2391 272
571 2347 696 2382 lineas
721 2347 810 2389 lata,
842 2346 979 2381 infima
1003 2345 1127 2381 multo
1155 2345 1353 2386 breviora,
1384 2346 1483 2380 rami
1512 2345 1694 2381 laterales
1727 2347 1835 2392 apice
1859 2357 1975 2392 squa-

261 2393 418 2438 mulosi,
438 2394 600 2439 capsula
619 2395 751 2440 pisum
768 2404 929 2440 aequans
952 2393 1013 2428 vel
1033 2403 1237 2439 superans.

323 2520 390 2561 75.
430 2519 480 2562 S.
516 2519 762 2573 Syriaca
796 2519 913 2565 (Blh.
939 2519 980 2559 in
1008 2530 1090 2560 nc.
1119 2516 1274 2558 prodr.
1301 2516 1354 2563 X,
1384 2529 1419 2568 p.
1452 2515 1554 2572 316)
1590 2516 1735 2569 glabra
1762 2516 1851 2559 basi
1888 2517 1974 2559 suf-

260 2581 507 2623 frutescens
534 2579 804 2631 pluricaulis,
830 2577 1030 2619 caulibus
1056 2579 1216 2629 pi‘aetei·
1240 2576 1338 2617 folia
1367 2588 1462 2617 rara
1490 2589 1622 2629 parva
1643 2575 1972 2628 squamiformia

264 2640 445 2690 oblonga
488 2639 655 2689 integra
701 2639 766 2679 vel
811 2637 983 2679 dentata
1022 2635 1209 2689 apliyllis
1249 2634 1490 2677 dicbotcme
1530 2635 1713 2676 ramosis
1755 2635 1886 2676 ramis
1930 2635 1974 2677 in

260 2699 438 2750 thyrsos
466 2697 593 2739 valde
618 2697 939 2751 depauperatos
966 2695 1245 2740 abeuntibus,
1274 2694 1409 2746 cyniis
1440 2694 1633 2735 breviter
1668 2693 1975 2746 pedunculalis

261 2757 407 2799 bifidis
437 2756 678 2803 3-5-ssoris,
705 2756 894 2798 bracteis
923 2754 1242 2806 hraeteolisque
1268 2753 1448 2796 minutis
1477 2753 1835 2806 triangularibus,
1859 2753 1971 2795 flori-

261 2816 344 2858 bus
370 2815 602 2858 scssilibus
629 2816 790 2868 parvis,
819 2814 976 2866 calycis
1004 2812 1167 2855 laciniis
1192 2811 1444 2853 orbiculatis
1475 2812 1557 2854 late
1590 2811 1974 2864 albo-marginatis.

262 2874 522 2916 staminibus
546 2874 740 2923 inclusis,
767 2873 1006 2927 appendice
1032 2871 1209 2913 minima
1233 2871 1611 2924 oblongo-lineari,
1640 2871 1838 2924 capsula.
1856 2877 1972 2918 ...24

308 2948 409 2983 Hab.
432 2948 469 2982 in
492 2947 691 2983 Palestina
709 2947 810 2983 circa
831 2947 1024 2983 Nazareth
1046 2946 1201 2990 (Bove).
1222 2945 1307 2981 loco
1327 2955 1405 2980 non
1426 2945 1596 2982 indicato
1615 2945 1756 2989 (Auch.
1777 2944 1909 2991 1776!)

307 3013 475 3057 pedalis,
498 3013 602 3048 toliis
622 3014 753 3060 parvis
774 3013 855 3057 (4-5
871 3012 998 3047 lineas
1018 3011 1168 3057 longis)
1188 3011 1350 3056 integris
1368 3010 1550 3056 insignis.
