2065 3271
140 247 299 286 Suoeda.
853 249 1126 277 susomcaAE.
1756 229 1829 269 943

204 330 272 371 14.
307 326 361 371 S.
381 327 628 370 arcuata
650 323 756 378 (Bge
778 322 843 365 Pl.
882 320 1026 363 Lehm.
1060 332 1099 373 p.
1132 319 1236 374 461)
1261 332 1403 361 annua
1432 319 1599 360 inferne
1623 315 1827 358 indurata

142 387 294 430 viridis
330 385 477 439 glabra
501 388 641 425 erecta
675 396 698 425 a
734 382 826 424 basi
858 378 1167 428 famosissima,
1195 378 1324 420 ramis
1360 377 1622 430 ramulisque
1658 378 1824 418 erecto-

143 445 302 501 patulis
335 443 539 486 tenuibus
571 442 724 488 firmis,
759 440 870 483 foliis
906 436 1288 480 lineari-teretibus
1321 436 1409 478 basi
1438 435 1672 478 attenuatis
1702 432 1826 475 obtu-

140 503 344 547 siusculis
373 500 758 549 arcuato-inflexis,
782 496 1034 551 glomerulis
1065 494 1196 536 dense
1225 495 1441 537 3-6-ssoris
1468 494 1696 535 sessilibus
1721 493 1826 535 axil-

144 563 308 606 laribus
332 560 429 603 solio
453 559 590 602 florali
620 558 852 612 superatis,
877 555 1059 599 floribus
1092 553 1327 608 polygamis
1356 552 1603 596 lateralibus
1628 552 1828 593 minutis-

144 621 266 663 simis
291 618 485 663 femineis
512 616 912 672 quinquedentatis‚
940 612 1107 656 caeteris
1134 611 1497 665 hermaphroditis
1525 611 1590 652 vel
1622 610 1824 652 masculis

142 677 510 734 quinquepartitis
535 676 698 718 laciniis
726 672 1063 717 membranaceis
1083 670 1305 713 trinerviis
1324 670 1516 722 oblongis
1538 670 1656 723 apice
1684 668 1828 710 cucul-

143 739 254 785 latis,
274 737 437 779 semine
462 735 653 778 verticali
676 733 907 776 laevissimo
932 729 1067 774 nitido
1095 729 1287 771 breviter
1314 729 1535 770 rostellato
1565 733 1627 778 Θ.

186 811 288 847 Hah.
308 812 347 846 in
366 809 629 846 Turkestaniz't
646 808 695 843 ad
716 808 737 844 J
742 818 791 843 au
809 807 929 853 Darja
952 804 1143 849 (Lehml).

187 874 387 921 Bipedalis
403 874 468 909 vel
489 873 638 916 elatior,
657 872 752 907 folia
772 871 840 907 6-8
859 871 984 906 lineas
1004 868 1133 913 longa.

205 985 268 1026 15.
303 982 353 1026 S.
371 983 758 1027 Transoxana
777 980 885 1035 (Bge
904 979 968 1021 Pl.
991 977 1138 1021 Lelim.
1162 990 1204 1031 p.
1229 976 1335 1028 467)
1354 986 1495 1015 annua
1521 974 1685 1015 inferne
1707 972 1831 1015 indu-

141 1047 234 1086 rata
256 1042 670 1096 glaucescenti·cana
705 1038 1015 1088 ramosissima‚
1040 1037 1173 1079 ramis
1209 1034 1476 1086 ramulisque
1508 1032 1663 1074 crectis
1698 1032 1833 1084 graci-

141 1102 254 1144 libus
299 1100 449 1148 sirmis‚
492 1100 605 1142 foliis
651 1099 788 1153 planis
832 1095 1200 1149 lineari-oblongis
1240 1093 1331 1135 basi
1375 1091 1607 1134 attenuatis
1658 1090 1826 1132 obtusis

144 1160 371 1203 latitudine
403 1161 482 1202 sua
515 1158 682 1212 2-3-plo
714 1157 992 1210 longioribus,
1025 1154 1275 1208 glomerulis
1321 1150 1536 1192 1-5-ssoris
1577 1148 1831 1191 axillaribus

141 1219 241 1261 folio
282 1218 420 1261 florali
459 1218 580 1260 brevi
618 1217 835 1270 superatis
881 1215 924 1257 in
965 1225 1156 1256 racemos
1197 1213 1316 1254 laxos
1354 1209 1588 1263 dispositis,
1622 1207 1832 1262 perigonii

145 1276 484 1332 quinquepartiti
515 1276 680 1319 laciniis
706 1275 787 1318 sub
814 1273 979 1316 anthesi
1007 1271 1230 1315 herbaceis
1256 1269 1452 1322 oblongis
1472 1267 1590 1322 apice
1612 1266 1836 1310 cucullatis

141 1338 272 1379 dorso
297 1340 422 1378 acute
446 1334 804 1383 carinam-alatis,
831 1333 997 1375 fructu.
1017 1362 1024 1368 .
1046 1362 1057 1372 .
1076 1360 1087 1372 .
1103 1335 1168 1381 O.

189 1411 290 1447 Hah.
315 1412 354 1446 in
376 1410 491 1446 cultis
509 1409 558 1444 ad
578 1409 759 1444 Buchara
778 1406 1054 1443 Turkestaniae
1071 1405 1212 1450 (Lehm
1225 1406 1264 1449 l).

185 1473 322 1509 Facies
341 1475 378 1507 et
396 1471 538 1507 racemi
554 1470 717 1517 graciles
735 1469 774 1507 S.
796 1473 976 1506 arcuatae
1001 1467 1068 1504 sed
1088 1467 1183 1503 folia.
1206 1467 1335 1513 plana,
1362 1464 1547 1500 inferiora
1572 1465 1640 1499 vix
1666 1463 1690 1499 3
1714 1463 1839 1498 lineas

143 1520 273 1566 longa.
309 1519 475 1555 Fructus
502 1520 659 1564 ignotus
687 1516 755 1553 sed
777 1518 860 1563 jam
886 1516 1058 1552 florifera
1083 1514 1278 1562 perigonii
1309 1512 1466 1548 laciniis
1499 1510 1840 1558 longitudinaliter

146 1566 514 1602 carinam-cristatis
533 1565 710 1611 insignis.

203 1676 268 1717 16.
301 1673 352 1717 S.
372 1673 805 1729 microsperma
827 1670 948 1726 (CA.
976 1671 1085 1724 Mey.
1109 1670 1149 1712 in
1177 1668 1334 1711 Eichw.
1358 1666 1482 1722 Casp.
1510 1680 1548 1721 p.
1578 1668 1645 1716 14,
1673 1666 1759 1708 tab.
1783 1665 1835 1708 13

140 1734 224 1776 sub
244 1731 497 1787 Schoberici)
519 1745 662 1775 annua
683 1745 706 1773 a
733 1731 826 1774 basi
852 1729 1147 1773 ramosissima
1172 1731 1314 1770 erecta
1335 1726 1401 1770 vel
1428 1730 1644 1780 prostrata
1671 1724 1837 1778 glaber-

141 1794 250 1835 rima
267 1792 429 1846 glauca,
453 1791 585 1833 rami-a
603 1794 646 1833 et
666 1791 847 1833 ramulis
864 1787 1206 1843 erecto-patulis,
1227 1786 1339 1828 foliis
1361 1786 1554 1828 carnosis
1576 1785 1837 1827 semitereti-

142 1851 380 1894 linearibus
400 1861 589 1904 superne
618 1849 843 1892 latioribus
866 1848 1051 1899 obtusis,
1068 1846 1292 1889 floralibus
1316 1844 1578 1887 abbreviatis
1607 1843 1741 1885 flores
1766 1844 1838 1885 vix

143 1910 470 1963 superantibuS,
505 1908 687 1951 floribus
720 1919 846 1950 secus
886 1907 1075 1949 ramulos
1114 1905 1396 1947 tenuissimos
1430 1902 1638 1945 solitariis
1672 1902 1837 1944 2-3-nis

144 1967 439 2022 gli-›merulatis
473 1967 660 2010 minimis
692 1966 920 2015 distinctis
954 1965 1162 2019 perigonii
1197 1962 1592 2017 depresso-globosi
1628 1960 1838 2002 fructiferi

144 2027 313 2070 exsucci
338 2026 503 2069 laciniis
530 2026 669 2068 ovatis
695 2025 850 2068 eximie
874 2022 1312 2067 cucullato-carinatis
1336 2021 1520 2071 obtusis,
1545 2020 1710 2063 semine
1741 2031 1837 2061 ver-

143 2087 256 2128 ticali
281 2085 346 2128 vel
380 2085 630 2128 liorizontali
656 2084 889 2127 laevissimo
915 2083 1172 2126 nitidissimo
1200 2083 1260 2129 Θ.
1300 2080 1343 2123 S.
1370 2080 1684 2132 mim-osperma
1712 2077 1839 2120 Fenzl

145 2145 186 2187 in
219 2144 317 2188 Led.
341 2144 402 2186 Fl.
430 2143 557 2186 Ross.

196 2217 296 2254 Hab.
316 2216 365 2253 ad
387 2227 476 2252 oras
491 2216 602 2253 lacus
621 2216 823 2253 Aralensis
844 2214 1088 2251 australioris
1108 2214 1154 2250 ad
1176 2215 1322 2251 ostium
1338 2213 1452 2249 fluvii
1472 2211 1581 2247 Oxus
1603 2211 1730 2256 (Bge).

197 2284 262 2318 Ar.
282 2281 413 2328 Geogr.
439 2282 643 2328 Songaria.

210 2392 275 2434 17.
306 2390 361 2435 S.
385 2389 798 2446 heterophylla
812 2389 932 2445 (Kar.
953 2391 995 2432 et
1013 2387 1098 2432 Kir.
1122 2388 1274 2431 Enum.
1294 2386 1353 2432 N⁰
1373 2387 1457 2429 749
1477 2385 1559 2429 sub
1582 2381 1838 2436 Scfeoberid)

148 2462 290 2492 annua
324 2449 472 2504 glabra
510 2449 676 2502 glauca,
703 2450 822 2491 caule
860 2449 1070 2492 herbaceo
1109 2450 1252 2491 erecto
1291 2445 1474 2500 simplici
1511 2445 1578 2486 vel
1617 2443 1765 2485 stricte
1800 2445 1843 2484 et

147 2509 401 2563 simpliciter
431 2509 660 2551 ramuloso.
694 2508 805 2550 foliis
841 2506 1380 2550 semitereti-filiformibus
1411 2503 1549 2546 acutis
1584 2502 1741 2545 erectis
1771 2500 1840 2542 vel

145 2566 525 2621 incurvo-patulis,
553 2567 735 2610 floribus
772 2567 836 2608 1-3
863 2567 1117 2609 axillaribus
1150 2564 1378 2609 sessilibus
1413 2563 1513 2606 solio
1543 2560 1680 2604 florali
1717 2558 1838 2601 brevi

147 2626 365 2680 superatis
391 2639 415 2668 a
435 2626 701 2669 ramulorum
730 2625 823 2668 basi
846 2625 1154 2679 angustissime
1180 2628 1223 2667 et
1247 2623 1486 2666 laxiuscule
1511 2619 1701 2674 spicatis‚
1726 2618 1839 2671 peri·

147 2685 259 2738 gonii
297 2683 677 2739 semiquinquefidi
713 2684 877 2737 globosi
910 2685 1082 2726 demum
1115 2684 1228 2725 aucti
1262 2687 1305 2726 et
1339 2678 1642 2736 subspongiosi
1676 2677 1841 2718 laciniis

147 2743 287 2786 ovatis
321 2743 518 2786 concavis
551 2743 639 2786 basi
672 2744 958 2786 transversim
994 2743 1121 2797 gibbo
1158 2753 1408 2796 compresso
1445 2737 1648 2782 alael'ormi
1683 2735 1838 2784 auctis,

149 2803 314 2844 semine
357 2802 515 2856 saepius
550 2802 803 2845 liorizontali
843 2803 1129 2845 minutissime
1171 2804 1374 2854 punctato
1414 2798 1549 2841 nitido
1588 2797 1649 2843 O.
1689 2793 1844 2836 Suoeda

149 2860 445 2962 heligolphylla
471 2860 557 2915 Bge
579 2861 621 2904 in
652 2861 729 2904 litt..
755 2885 812 2893 —
843 2861 1005 2904 Brezz'a
1039 2858 1337 2913 laeteroplzycla
1365 2858 1473 2911 Moq.
1498 2857 1541 2898 in
1575 2868 1655 2898 nc.
1686 2853 1844 2896 Prodr.

199 2993 302 3028 Hal).
323 2994 364 3029 in
385 2993 489 3030 valle
513 2993 678 3031 Bamian
696 2997 806 3042 regui
829 2994 1006 3032 Cabulici
1027 2993 1154 3039 (Griff.
1174 2993 1312 3037 17712).
