2065 3271
108 244 403 288 Melampyrum.
755 251 1165 278 SCROPHULARIACEAE.
1721 244 1787 279 481

109 328 216 370 bium
254 321 457 374 superius
498 322 675 364 densius
712 323 952 365 barbatum.
991 349 1043 354 ——
1078 323 1132 364 M.
1170 323 1327 367 elatius
1366 326 1489 369 Reut.
1530 328 1572 370 in
1612 328 1778 380 Bourg.

112 396 194 428 exs.
220 380 353 423 1862.

107 453 503 550 (κᾷξὲἒέηἰιηηᾱυῐηοείε
521 464 638 501 supra
655 454 938 502 Trapezuntem
954 456 1119 501 (Bourgt
1136 455 1206 500 ΚΥ.
1224 456 1358 503 suppl.
1374 458 1492 504 7122),
1508 461 1689 496 Anatolii}
1707 462 1788 496 bor.

149 568 206 602 Ar.
239 564 371 609 Geoqr.
412 564 567 610 Europa
603 564 768 600 borealis
800 570 836 600 et
864 565 994 600 media
1026 576 1046 600 a
1078 566 1215 601 suecia
1242 567 1484 604 meridionali
1521 570 1569 605 ad
1608 571 1787 606 Rossiam

97 613 269 650 ‘mediam
288 615 324 646 et
344 610 536 653 Hispania
554 611 701 647 boreali
722 616 838 658 atque
858 612 970 648 Italia
989 612 1039 647 ad
1058 612 1309 648 Dalmatiam.

163 713 199 754 3.
232 710 297 752 M.
333 710 648 754 barbatum
685 710 776 764 (W.
821 711 867 752 K.
905 710 1044 764 Himg.
1081 710 1113 754 1.
1151 725 1197 765 p.
1243 713 1311 763 89,
1348 713 1430 755 tab.
1470 714 1543 768 86)
1580 716 1786 768 adpresse

106 768 500 826 asperulo-liirtum‚
525 770 643 811 caule
670 773 811 811 erecto
836 769 1021 822 rigidulo
1043 771 1186 822 patule
1213 782 1399 821 ramoso,
1428 773 1536 814 soliis
1557 775 1784 817 sessilibus

106 827 344 874 lanceolatis
381 828 445 868 vel
480 832 662 879 anguste
700 828 951 874 linearibus.
988 829 1106 882 spica
1142 830 1235 870 laxe
1268 830 1517 883 cylindrica,
1553 832 1734 875 bracteiS
1763 847 1784 875 a

105 889 191 932 basi
231 888 356 927 ovata
393 885 639 929 lanceolatis
682 888 723 928 in
763 887 936 928 lacinias
970 887 1196 929 subulatas
1231 887 1396 931 ciliatas
1430 894 1551 942 parte
1591 891 1782 933 interiori

107 945 343 1002 pectinatim
367 945 567 994 dentatis,
598 946 752 999 cnlycis
780 945 883 987 tubo
912 946 1204 998 glabriusculo
1231 947 1433 990 dentibus
1468 950 1648 991 setaceis
1672 950 1786 991 cilia-

106 1006 156 1048 tis
184 1015 336 1057 parum
376 1003 587 1050 breviore,
615 1005 783 1047 corollae
811 1005 937 1046 luteae
973 1005 1074 1046 tubo
1097 1005 1301 1058 calycinis
1328 1006 1492 1048 laciniis
1527 1008 1660 1049 multo
1696 1011 1786 1050 lon-

104 1064 232 1118 giore,
260 1062 434 1115 capsula
464 1062 655 1115 stipitata
679 1064 862 1105 obovata
889 1066 1139 1105 mucronata
1167 1069 1230 1114 Θ.
1267 1066 1324 1106 Ic.
1357 1064 1487 1106 Rctib.
1519 1064 1667 1107 Germ.
1700 1067 1784 1109 tab.

109 1121 194 1170 115,
221 1122 287 1173 fig.
315 1121 352 1161 ⁵2.
379 1144 432 1149 ——
459 1120 513 1162 M.
541 1121 737 1163 ciliatum
764 1121 897 1165 Boiss.
932 1126 973 1164 et
999 1121 1146 1164 Heldr.
1174 1123 1323 1176 Diagn.
1350 1122 1453 1165 Ser.
1489 1123 1543 1175 ΙΙ,
1570 1126 1609 1176 3,
1639 1138 1677 1178 ρ.
1703 1125 1785 1166 176

104 1181 250 1232 (forma
277 1179 385 1222 foliis
411 1180 820 1233 subaugustioribus
844 1185 885 1223 et
912 1181 1029 1234 spica
1055 1182 1251 1236 laxiore).

102 1254 307 1345 (HHlaijin
335 1252 541 1289 Thessalia
562 1254 701 1298 (Auch.
726 1255 854 1300 16721)
885 1256 983 1290 inter
1013 1257 1168 1291 trutices
1191 1256 1241 1291 ad
1262 1256 1409 1292 radices
1429 1257 1588 1304 Olympi
1606 1257 1786 1295 Thessali

155 1310 173 1335 θ
219 1312 236 1335 1·
277 1328 283 1334 .

145 1364 204 1399 Ar.
225 1364 355 1409 Geoqr.
383 1365 506 1410 Italia,
529 1365 698 1408 Austria,
721 1365 826 1411 regio
845 1364 1092 1410 Danubialis,
1112 1364 1319 1402 Dalmatia.

156 1468 192 1507 4.
227 1466 294 1507 M.
330 1466 713 1510 Caucasicum
745 1465 854 1520 (Bge
897 1466 951 1519 pl.
990 1465 1139 1509 Abicli.
1175 1479 1216 1520 p.
1260 1465 1331 1515 16)
1372 1467 1565 1509 breviter
1607 1467 1783 1516 hirtum,

99 1526 212 1569 caule
237 1529 379 1567 erecto
407 1525 590 1578 rigidulo
616 1525 759 1577 patule
785 1537 967 1575 ramoso,
1001 1525 1109 1567 foliis
1134 1526 1364 1569 sessilibus
1405 1527 1669 1577 lanceolatis,
1712 1526 1785 1568 sso-

100 1583 266 1626 ralibus·
289 1583 501 1626 viridibus
527 1584 665 1626 oratis
691 1586 729 1625 in
771 1584 945 1626 lacinias
974 1584 1231 1626 lanceolatas
1256 1585 1522 1627 acuminatas
1551 1586 1785 1639 pectinatu-

99 1642 241 1685 incisis
272 1646 390 1695 parte
416 1643 632 1697 superiori
668 1641 934 1696 subintegra.
970 1643 1125 1696 calyeis
1156 1643 1359 1686 dentibus
1388 1644 1540 1685 tubum
1574 1644 1785 1698 glabrius-

98 1701 232 1744 cutam
255 1702 528 1755 aequantibus
552 1702 722 1743 corollae
745 1700 845 1743 tubo
871 1702 1004 1744 multo
1031 1701 1323 1754 brevioribus,
1349 1703 1525 1756 capsula
1553 1702 1782 1745 subsessili

97 1759 479 1817 elliptico-oblonga
501 1760 734 1803 subfalcata
759 1760 933 1813 oblique
961 1763 1210 1802 mucronata
1237 1765 1301 1812 O.
1342 1761 1394 1803 M.
1423 1759 1651 1803 barbatum
1680 1760 1785 1804 Led.

96 1818 152 1861 Fl.
187 1817 310 1860 Ross.
343 1819 415 1868 ΙΙΙ,
455 1832 491 1872 p.
531 1820 614 1861 305
650 1832 734 1861 non
761 1818 836 1859 W.
870 1819 925 1861 K.
963 1844 1012 1851 --
1039 1819 1094 1862 M.
1129 1826 1311 1862 arvense
1330 1832 1423 1862 var.
1452 1819 1781 1872 chlorostaclzys

98 1876 256 1920 Hohen.
283 1878 467 1931 Talyscl]
499 1878 571 1920 En.
598 1891 636 1931 p.
658 1880 707 1920 81
732 1879 741 1919 1

143 1951 241 1987 Hab.
265 1953 301 1987 in
323 1952 444 1987 Guria
458 1952 668 1988 Caucasica
687 1952 852 1995 (Nordm
865 1954 902 1997 t),
929 1953 1114 1988 Armenia
1131 1952 1292 1988 Rossica
1311 1952 1484 1998 (Amen),
1511 1953 1659 1989 ditione
1678 1952 1783 1988 Rad-

98 1998 187 2034 seha
205 2003 242 2034 et
260 1998 528 2044 Daghestania
548 2009 664 2046 prope
682 2000 809 2035 Gimri
825 1999 1028 2036 60021200‘
1049 2000 1221 2046 (Rupri),
1239 2002 1424 2036 Armenia
1437 2000 1599 2036 Rossica
1616 1999 1781 2045 (Szov!),

96 2044 261 2092 Georgia
277 2046 488 2082 Caucasiea
503 2048 542 2082 et
558 2046 703 2082 ditione
722 2046 892 2092 Talysch
911 2046 1019 2089 (Hon
1030 2048 1064 2091 t).

140 2109 270 2146 Facies
288 2110 342 2146 M.
361 2110 520 2147 barbati
542 2110 610 2146 sed
635 2111 876 2159 bractearum
909 2110 1060 2147 laciniae
1087 2110 1244 2147 latiores
1273 2113 1310 2147 et
1339 2111 1509 2158 capsulae
1535 2112 1659 2147 forma
1685 2121 1782 2158 prae-

96 2157 224 2193 sertim
243 2157 294 2192 ab
311 2167 354 2193 eo
377 2158 605 2193 distinctum
624 2159 790 2194 videtur.

395 2268 410 2284 *
431 2268 445 2282 '¹
473 2266 606 2302 Flores
627 2265 667 2301 in
687 2275 859 2301 racemos
878 2266 989 2301 laxos
1009 2264 1260 2301 unilaterales
1281 2265 1472 2312 dispositi.

151 2361 188 2401 5.
213 2360 284 2402 Μ’.
306 2370 689 2410 nemorosum
725 2360 795 2414 (L.
826 2359 900 2413 Sp.
929 2359 1036 2413 843)
1060 2358 1320 2413 pubescens,
1341 2359 1461 2402 caule
1479 2362 1621 2401 erecto
1641 2360 1783 2413 patule

94 2430 275 2468 ramoso.
298 2419 410 2461 foliis
437 2419 648 2472 petiolatis
672 2421 811 2462 ovatis
843 2423 886 2460 et
918 2417 1332 2468 ovato-lanceolatis,
1360 2417 1543 2459 floribus
1570 2418 1612 2459 in
1639 2418 1781 2460 axillis

95 2475 362 2520 bractearum
391 2478 594 2520 solitariis
619 2479 830 2531 oppositis
853 2477 1057 2520 secundis
1090 2488 1284 2519 racemos
1320 2479 1438 2519 laxos
1480 2476 1781 2523 formantibus,

92 2533 274 2578 bracteis
302 2537 518 2589 petiolatis
542 2535 1034 2590 ovato-triangularibus
1058 2535 1333 2578 snbcordatis
1358 2535 1781 2588 setaceo-pectinatis

92 2595 270 2637 summis
296 2595 510 2643 violaceis,
546 2595 702 2648 calycis
729 2595 873 2637 villosi
903 2595 1104 2637 dentibus
1138 2609 1160 2636 a
1199 2594 1289 2636 basi
1326 2595 1562 2637 lanceolata
1599 2594 1779 2636 setaceis

91 2653 193 2696 tubo
233 2652 614 2708 subtongioribus.
655 2654 826 2696 corollae
867 2654 989 2695 flavae
1032 2654 1132 2695 tubo
1175 2653 1319 2705 calyce
1359 2653 1565 2706 longiore,
1605 2655 1780 2706 capsula

95 2711 275 2765 oblonga
314 2712 488 2766 obliqua
524 2712 696 2765 oblique
739 2715 989 2756 mucronata
1020 2716 1084 2763 Θ.
1130 2711 1186 2753 lc.
1227 2711 1287 2753 Fl.
1327 2711 1434 2753 Dan.
1478 2712 1561 2754 tab.
1604 2712 1701 2753 305.
1732 2735 1781 2740 ——

93 2766 222 2812 Rctib.
252 2769 398 2814 Germ.
422 2772 514 2814 tab.
554 2771 648 2813 114.

138 2843 235 2880 Hah.
258 2845 297 2881 in
315 2846 529 2891 sylvaticis‚
549 2846 747 2882 Caucasus
764 2847 801 2882 et
818 2846 943 2882 Iberia
969 2845 1113 2891 (MR),
1141 2844 1311 2890 Georgia
1333 2844 1542 2880 Caucasica
1569 2843 1771 2889 (Hoherr.).

93 2887 123 2924 E
140 2891 284 2928 ditione
303 2893 478 2929 nondum
498 2893 590 2929 vidi.

136 2955 199 2990 Ar.
225 2957 355 3002 Geoqr.
383 2956 539 3004 Europa
557 2957 725 2993 borealis
744 2960 781 2993 et
800 2957 927 2993 media
945 2967 968 2992 a
989 2956 1115 2992 Dania
1131 2958 1167 2991 et
1182 2954 1395 2991 Gothia‘ad
1410 2954 1591 2990 Rossiam
1607 2953 1779 2990 mediam

89 3003 125 3035 et
139 3003 346 3039 australem
363 3007 400 3040 et
423 3014 446 3039 a
465 3004 594 3040 Gallia
612 3009 648 3040 et
665 3005 775 3040 ltalia
793 3005 919 3040 media
941 3004 990 3040 ad
1009 3003 1263 3047 Dalmatiam,
1280 3001 1422 3038 Sibiria
1442 3000 1654 3037 Uralensis.
