2100 3262
311 208 381 244 268
1014 210 1299 238 BORRAGiNEAE.
1723 197 2004 236 Solenanthus.

607 383 969 432 SOLENANTHUS
1005 382 1172 442 (Ledeb.
1223 382 1282 429 Fi.
1317 382 1398 429 Alt.
1439 381 1469 434 1,
1507 395 1544 442 p.
1589 379 1710 439 493).

371 534 503 587 Calyx
528 532 925 587 quinquepartitus.
951 531 1124 574 Corolla
1146 531 1348 574 tubulosa
1377 531 1487 574 lobis
1511 530 1680 573 obfusis
1703 531 1872 573 erectis.
1900 530 2010 574 For·

306 595 428 636 nices
447 594 613 635 obtusae
632 592 790 645 saepius
815 591 992 633 villosae.
1013 589 1208 633 Stamina
1232 593 1255 632 5
1282 589 1514 632 filamentis
1533 590 1647 632 infra
1669 589 1852 632 mediam
1873 592 2011 633 corol-

310 653 391 695 lam
418 651 596 694 insertis
620 649 759 704 longis
789 650 950 704 saepius
978 650 1102 701 longe
1127 649 1328 693 exsertis.
1355 649 1563 692 Antherae
1587 648 1783 701 oblongae
1809 649 2014 702 integram

310 710 473 763 Stigma
509 710 810 765 puncliforme.
834 708 1013 752 Nuculae
1047 709 1073 750 4
1098 711 1234 751 ovatae
1266 709 1485 762 depressae
1509 706 2009 762 echinato-glochidiatae‚

307 770 375 812 vel
412 769 663 822 marginatae
693 768 836 810 areola
860 769 1063 819 concava,
1088 768 1158 809 vel
1190 779 1393 810 convexae
1418 767 1743 820 immarginatae.
1768 791 1826 796 —
1851 767 2010 820 Herba}

308 829 414 871 facie
454 827 807 880 Cynoylossil-—
835 825 984 869 Genus
1022 827 1165 869 fructu
1201 825 1465 880 Cynoylosso
1498 825 1651 876 simile,
1675 825 1836 869 corolla
1870 825 1922 867 ab
1957 822 2010 869 eo

311 887 576 929 distinctum.
614 886 787 940 Species
821 886 932 928 bina?
962 886 1131 940 priores
1162 897 1216 927 ex
1243 885 1554 939 speciminibus
1586 884 1861 939 incompletis
1896 888 2009 927 notae

310 945 570 988 staminibus
605 945 784 988 inclusis
819 958 842 987 a
875 945 1043 987 caeteris
1078 945 1328 999 discrepant
1354 947 1397 986 et
1429 944 1574 986 forsan
1607 943 1660 986 ad
1693 942 2009 997 Cynoylossum

310 1004 564 1047 revocandae
590 1008 734 1047 erunt.

306 1144 328 1163 *
353 1146 531 1181 Stamina
549 1144 737 1181 corollam
752 1155 830 1181 non
846 1144 1081 1181 excedentia.
1096 1143 1264 1180 Corollae
1283 1143 1364 1180 lobi
1379 1135 2009 1191 oblongo-spathulati.—-Species

639 1203 661 1227 a
680 1191 911 1239 Cynoylosso
929 1191 1075 1228 corolla
1093 1191 1279 1227 tubulosa
1296 1194 1448 1227 tanturn
1468 1191 1674 1228 distinctae.

375 1293 406 1332 l.
442 1289 496 1333 S.
532 1289 997 1344 brachystemon
1032 1288 1098 1343 (F.
1125 1293 1169 1331 et
1205 1289 1313 1343 Mey.
1352 1290 1393 1331 in
1421 1289 1587 1332 Holien.
1626 1289 1811 1343 Talysch
1844 1289 2004 1331 Enum.

310 1364 348 1404 p.
369 1349 443 1398 76]
472 1350 633 1398 virens,
659 1348 771 1390 villis
795 1349 1005 1402 elongatis
1028 1349 1194 1402 sparsis
1220 1349 1516 1402 lanuginosus,
1541 1348 1774 1391 rhizomate
1796 1347 2008 1401 elongato,

308 1409 430 1452 caule
450 1420 577 1462 parce
600 1419 785 1454 ramoso.
809 1408 921 1450 foliis
946 1408 1227 1451 inferioribus
1252 1408 1448 1461 oblongis
1470 1408 1512 1450 in
1536 1408 1746 1463 petiolum
1771 1407 2007 1450 attenuatis

307 1467 611 1522 superioribus
640 1467 1097 1520 oblongo-lanceolatis
1124 1467 1641 1521 semiamplexicaulibus,
1671 1466 1854 1509 racemis
1881 1466 2008 1520 longe

307 1526 612 1582 pedu'nculatis
652 1526 849 1579 capitatis
889 1526 1017 1568 etiam
1064 1531 1159 1580 post
1197 1526 1398 1569 anthesin
1440 1526 1648 1569 brevibus
1685 1525 2007 1578 conferlifloris,

310 1585 530 1640 pedicellis
565 1585 696 1639 calyci
734 1585 1089 1639 subaequilongis‚
1123 1586 1279 1639 calycis
1317 1585 1561 1639 lanuginosi
1598 1585 1765 1628 laciniis
1802 1583 2009 1637 oblongo-

307 1645 546 1687 linearibus
571 1644 752 1695 obtusis,
776 1644 935 1686 corolla
963 1644 1105 1698 calyce
1129 1646 1202 1688 vix
1226 1645 1419 1699 longiore
1446 1645 1651 1687 tubulosa
1674 1643 1783 1687 lobis
1805 1643 2008 1696 oblongo-

308 1704 567 1757 spathulatis
599 1703 910 1753 obtusissimis,
939 1703 1175 1748 fornicibus
1201 1705 1255 1747 ad
1289 1706 1456 1747 faucem
1489 1704 1685 1758 oblongis
1722 1702 1890 1746 obtusis
1917 1703 2009 1757 gla-

309 1763 414 1814 bris,
444 1762 677 1804 filamentis
703 1763 876 1805 corollae
904 1763 1173 1817 aequilongis,
1201 1763 1395 1807 antheris
1420 1763 1630 1816 oblongis,
1651 1762 1822 1806 nuculis
1849 1761 2006 1815 margi-

307 1822 420 1864 nalis
446 1821 931 1875 echinato-glacliidiatis
956 1822 1011 1877 (23
1037 1823 1104 1866 vel
1141 1830 1200 1871 26.

351 1894 448 1930 Hah.
488 1896 527 1930 in
562 1894 688 1940 sylvis
721 1903 841 1942 prope
877 1895 1085 1932 Lenkoran
1119 1897 1167 1932 ad
1203 1897 1393 1944 Caspium
1429 1897 1504 1933 sub
1540 1895 1774 1943 Cynoylosso
1809 1896 2007 1933 stamineo

303 1942 511 1987 (Hohenl),
530 1942 579 1977 ad
597 1942 739 1978 Rescht
755 1942 899 1978 Persiae
918 1943 1090 1979 borealis
1113 1945 1318 1979 maritimae
1338 1944 1532 1990 (Buhsel).

350 2005 490 2040 Planta
521 2004 727 2052 bipedalis.
761 2005 853 2042 folia
885 2005 1074 2042 radicalia
1104 2007 1392 2053 ss-S-pollicaria
1425 2006 1741 2055 sesquipollicem
1774 2007 1855 2043 lata
1885 2006 2005 2051 longe

331 2052 500 2096 etiolata,
520 2053 663 2088 racemi
681 2052 745 2089 2-3
763 2053 951 2097 axillares
971 2055 1171 2101 capitatim
1189 2054 1393 2099 8·10-flori‚
1414 2055 1530 2101 calyx
1560 2054 1635 2091 suh
1663 2054 1817 2091 anthesi
1835 2055 1857 2089 4
1874 2054 2004 2089 lineas

321 2110 458 2145 ongus.

365 2232 403 2271 ⁶2.
439 2229 491 2272 S.
529 2231 965 2286 eriocalycinus
999 2231 1157 2286 (Boiss.
1193 2236 1235 2274 et
1274 2231 1417 2276 Buhse
1454 2234 1577 2277 Ausz,
1614 2247 1654 2288 p.
1699 2231 1801 2288 157)
1836 2231 2006 2285 viridis,

306 2292 464 2343 praeter
503 2290 707 2333 flocculos
750 2303 928 2345 sparsos
969 2290 1173 2335 deciduos
1214 2292 1377 2345 glaber.
1415 2294 1535 2336 caule
1579 2291 1733 2335 crebre
1771 2296 1815 2336 et
1856 2291 2007 2335 stricte

303 2348 455 2391 folioso
469 2381 479 2399 ‚
499 2349 608 2391 foliis
629 2349 943 2392 obtusiusculis
962 2350 1414 2405 oblongo-lanceolatis
1433 2352 1716 2395 inferioribus
1734 2351 1779 2394 in
1797 2351 2007 2406 petiolum

307 2408 429 2460 longe
453 2409 685 2451 attenuatis
713 2409 1017 2462 superioribus
1042 2411 1125 2453 late
1148 2410 1575 2454 lineari-lanceolatis
1602 2411 2004 2465 semiamplexicau-

304 2466 431 2514 libus,
466 2467 650 2510 floribus
685 2468 728 2510 in
761 2469 1001 2522 capitulum
1025 2469 1252 2511 terminale
1294 2469 1407 2512 soliis
1435 2471 1656 2525 supremis
1684 2470 2006 2513 involucratum

303 2526 583 2579 conglobatis,
608 2526 826 2580 pedicellis
850 2527 993 2581 calyce
1021 2527 1399 2572 subbrevioribus.
1421 2530 1577 2583 calycis
1595 2530 1728 2572 dense
1752 2529 1882 2572 lanati
1907 2529 2008 2571 laci·

303 2585 386 2626 niis
414 2586 654 2628 linearibus
682 2586 866 2638 obtusis,
892 2587 1049 2629 corolla
1070 2587 1273 2630 tubulosa
1296 2588 1437 2641 calyce
1465 2588 1809 2643 sesquilongiore
1836 2588 2004 2631 laciniis

302 2643 748 2698 oblongo-linearibus
782 2646 965 2700 obtusis,
991 2646 1228 2689 fornicibus
1258 2646 1310 2688 ad
1343 2647 1476 2700 plicas
1507 2660 1666 2690 versus
1697 2647 1864 2690 faucem
1898 2648 2005 2690 sitas

299 2701 506 2750 reductis,
531 2704 725 2746 antheris
749 2704 988 2747 linearibus
1013 2705 1216 2747 corollam
1241 2705 1532 2761 aequantibus,
1556 2707 1700 2750 fructu
1713 2737 1843 2747 .....
1885 2713 1943 2755 26.

300 2775 530 2868 (Bffssgelfn
567 2777 771 2814 montibus
811 2778 974 2814 ditionis
1010 2778 1350 2814 Transcaucasicae
1385 2780 1560 2826 Talysch
1597 2780 1647 2816 ad
1684 2780 1865 2819 Massula
1900 2779 2006 2816 6000’

353 2885 520 2939 lJedalis,
542 2887 635 2922 folia
653 2888 840 2924 inferiora
857 2888 1143 2942 3—4-pollicaria
1165 2889 1275 2925 15-20
1292 2890 1417 2926 lineas
1440 2890 1519 2926 lata
1538 2890 1654 2937 longe
1672 2891 1868 2945 petiolata‚
1887 2889 2005 2944 calyx

300 2932 479 2986 41meas,
498 2934 644 2970 corolla
660 2935 738 2979 5¹s2
764 2935 897 2982 longa.
919 2936 1059 2972 Affinis
1087 2936 1127 2973 S.
1152 2936 1269 2973 bracle
1301 2942 1472 2974 stemone
1492 2949 1515 2973 a
1543 2948 1621 2985 quo
1649 2938 1779 2974 d1ffert
1806 2937 2008 2984 glabrum,

301 2979 516 3017 fornicibus
535 2982 582 3016 ad
603 2982 724 3028 plicas
743 2983 924 3027 reductiS‚
942 2983 1115 3019 antheris
1135 2984 1257 3031 duplo
1290 2985 1532 3031 ongioribus.
