2100 3262
273 208 341 243 444
927 201 1325 231 SCROPHULARIACEAE
1769 193 1960 236 Veronzca,

323 285 421 321 Hab.
444 284 484 317 in
505 279 704 316 montibus
722 278 917 313 Armeniae
936 275 1116 312 Kurdicze
1135 273 1328 318 (Bi-anti),
1353 273 1452 308 circa
1480 273 1656 308 Artahan
1675 273 1732 309 (C.
1752 273 1903 320 Kochl),
1926 278 1960 315 in

275 332 435 369 devexis
470 327 709 364 australibus
740 324 990 369 Bingoldagb
1020 322 1123 358 ssOOu’
1157 320 1245 366 (Ky.
1278 320 1412 366 Suppl.
1451 321 1520 355 717
1549 320 1624 356 sub
1669 319 1704 355 V.
1737 320 1961 372 Orientali&

274 380 407 418 Persia
425 375 574 412 boreali
596 375 636 408 in
654 376 787 408 monte
806 373 948 408 Elburs
968 370 1058 416 (Ky.
1078 369 1195 413 2210,
1214 370 1343 402 monte
1363 367 1523 402 Elamut
1538 368 1677 412 (Aucti.
1698 367 1838 414 50891),
1862 381 1961 407 mon-

274 429 378 463 tibus
411 423 599 464 Ssabend,
629 419 849 464 Ssawalan,
884 416 1111 455 Demavend
1141 415 1289 457 (Buhse
1302 416 1339 459 Ξ),
1382 415 1527 451 Persiae
1555 414 1739 450 australis
1772 419 1962 457 cacumine

273 474 419 511 montis
438 471 528 506 Kuh
548 470 682 505 Daena
700 467 787 513 (Ky.
806 467 895 502 7741
914 466 1039 501 forma
1055 463 1159 499 toliis
1177 462 1396 497 minoribus
1415 462 1696 508 brevioribus).

323 535 462 572 Cautes
479 531 780 580 *2-3-pollieares,
808 530 900 566 folia
920 529 984 564 2-3
1003 528 1128 562 lineas
1148 526 1280 571 longa,
1303 526 1444 561 racemi
1465 526 1650 562 fructiferi
1669 525 1961 573 2-3-pollicares.

273 584 396 620 Valde
423 581 550 617 affinis
587 577 623 613 V.
656 577 849 615 Orientali
869 587 951 612 var.
983 573 1195 620 tenuifolice
1223 583 1247 608 a
1277 576 1354 619 qua
1386 573 1584 619 pedicellis
1614 573 1860 619 longioribus
1890 577 1963 620 (2-3

273 632 396 667 lineas
415 629 563 673 longis)
578 626 802 673 patentibus
820 625 896 660 fere
916 625 1069 659 tantum
1088 621 1226 656 differt.
1247 622 1307 655 An
1321 621 1468 666 species
1485 620 1687 666 legitima?
1705 620 1962 668 Speciminum

273 689 292 714 e
314 677 445 714 Persia
462 675 613 711 semina
629 677 785 709 matura
803 682 879 707 non
898 671 990 714 vidi,
1011 670 1085 705 hac
1103 671 1234 703 tamen
1252 668 1414 703 omnino
1430 672 1602 715 spectare
1623 668 1814 704 videntur.

341 787 410 828 18.
449 783 510 825 V.
543 780 880 836 thymifoiia
911 778 1077 833 (Sibtb.
1111 780 1153 820 et
1176 775 1266 818 Sm.
1306 775 1365 817 Fl.
1404 774 1539 818 Graec.
1574 777 1605 820 Ι.
1642 790 1683 832 p.
1723 779 1762 829 5,
1798 778 1881 820 tab.
1920 781 1959 835 6)

274 846 466 887 breviter
490 847 532 884 et
555 842 744 894 crispule
771 839 960 882 velutiua
981 837 1208 891 cespitosa,
1243 835 1480 877 caudiculis
1508 836 1746 888 prostratis
1769 837 1957 880 radican-

272 905 388 947 tibus
415 903 543 945 ramis
568 900 774 942 brevibus
799 897 1134 940 ascendentibus
1159 895 1312 938 crebre
1336 894 1514 945 foliosis,
1536 895 1650 937 foliis
1684 896 1868 948 oblongo
1894 899 1955 940 vel

272 960 706 1014 lineari-spathulatis
730 959 820 1000 basi
840 959 1060 1000 attenuata
1077 954 1308 998 sessilibus
1333 953 1526 1006 margine
1554 955 1764 997 revolutis
1785 954 1960 1009 integris

273 1023 338 1064 vel
367 1031 557 1074 superne
583 1019 745 1061 minute
771 1016 1097 1070 paucicrenatis.
1127 1014 1309 1057 racemis
1341 1013 1549 1056 brevibus
1586 1014 1834 1067 paucifloris
1873 1014 1961 1057 bre-

273 1082 384 1123 viter
413 1078 713 1135 pedunculatis
754 1077 793 1118 iu
820 1074 963 1118 axillis
989 1072 1206 1127 supremis
1244 1073 1309 1114 1-2
1346 1071 1567 1114 interdum
1605 1085 1785 1125 gemmae
1819 1075 1961 1116 termi-

272 1140 379 1186 nalis
403 1139 551 1181 abortu
580 1136 893 1183 terminalibus,
926 1133 1148 1188 pedicellis
1176 1131 1317 1185 calyce
1352 1136 1395 1173 et
1434 1131 1607 1174 bractea
1634 1132 1961 1186 ovato-oblonga

271 1198 560 1245 brevioribus,
584 1195 740 1249 calycis
769 1193 932 1236 laciniis
959 1194 984 1234 4
1008 1192 1204 1244 oblongis
1228 1191 1618 1244 subinaequalibus,
1646 1192 1807 1234 corolla
1829 1204 1960 1235 caeru·

275 1259 338 1300 lca
362 1258 504 1309 calyce
545 1255 749 1307 longiore,
777 1253 953 1307 capsula
988 1252 1099 1293 hirta
1137 1256 1389 1292 transverse
1431 1250 1580 1293 latiore
1611 1250 1842 1293 obcordata
1871 1252 1958 1294 basi

270 1318 450 1359 cuneata
475 1314 583 1356 tobis
606 1313 866 1355 divaricatis.
888 1311 1127 1353 seminibus
1146 1308 1610 1362 orbiculato-ellipticis
1634 1316 1694 1357 2,..
1724 1309 1765 1351 V.
1794 1307 1961 1352 Cretica

269 1376 373 1417 Pall.
399 1376 441 1417 in
468 1373 574 1415 Lini<
599 1373 750 1423 Jahrb.
782 1373 813 1420 1,
841 1385 885 1425 p.
918 1372 966 1412 41
996 1375 1038 1411 et,
1071 1369 1214 1412 Willd.
1248 1369 1381 1411 berb!
1418 1368 1465 1420 V.
1488 1368 1796 1423 Tymplarestea
1823 1368 1959 1412 Boiss.

269 1439 311 1476 et
335 1434 492 1488 Sprun.
519 1432 670 1484 Diagu.
701 1431 792 1473 Ser.
822 1431 850 1481 t,
875 1432 914 1480 4,
943 1444 979 1484 p.
1011 1429 1076 1470 77.
1106 1428 1234 1471 -—-V.
1263 1427 1524 1470 teuorioides
1554 1429 1694 1471 Boiss.
1733 1432 1775 1471 et
1811 1429 1956 1471 Heldr.

268 1494 420 1546 Diagn.
448 1491 540 1534 Ser.
566 1491 618 1542 ΙΙ,
647 1491 688 1532 3.
717 1504 756 1545 p.
782 1489 879 1533 169.

317 1566 415 1601 Hah.
432 1565 471 1600 in
491 1565 649 1611 regione
667 1563 803 1609 alpina
821 1563 944 1598 Cretae
963 1563 1002 1597 in
1022 1557 1220 1597 montibus
1239 1557 1683 1608 Sphacioticisssibth.)
1702 1562 1742 1597 in
1763 1562 1959 1597 montibus

267 1614 334 1649 ida
352 1616 390 1648 et
408 1613 548 1648 Lassiti
566 1611 754 1654 tHeldr!l‚
769 1611 809 1645 in
828 1610 1029 1645 montibus
1044 1608 1194 1654 Velugo
1210 1608 1363 1645 AEtoliae
1378 1609 1690 1656 (Tymphresto),
1709 1610 1749 1644 in
1765 1611 1960 1645 cacumine

268 1660 450 1696 Parnassi
468 1659 659 1706 (Sprun1)‚
679 1659 718 1693 in
738 1658 906 1704 Olympo
926 1657 1118 1692 Thessalo
1135 1657 1183 1692 ad
1200 1656 1311 1692 nives
1330 1656 1513 1701 (Heldrt).

314 1722 428 1758 Rami
455 1720 714 1768 bipollicarcs,
739 1720 834 1756 folia
852 1720 915 1756 3-5
934 1719 1057 1754 lineas
1087 1718 1205 1764 longa
1231 1719 1452 1763 1-21s2lata.
1488 1719 1668 1766 Capsulae
1686 1719 1812 1756 forma
1827 1721 1959 1766 (quam

268 1780 346 1805 non
367 1769 450 1804 vidi
471 1769 538 1803 sed
560 1779 579 1803 e
602 1769 778 1814 descript.
799 1771 836 1803 et
851 1768 960 1802 icone
977 1767 1032 1802 Fl.
1055 1766 1203 1801 Graecae
1222 1766 1426 1813 descripsi)
1445 1767 1573 1803 affinis
1592 1768 1749 1803 videtur
1772 1768 1808 1804 V.
1829 1766 1959 1804 Orz'ew

267 1818 341 1854 tali
357 1821 393 1852 et
411 1816 602 1852 Kurdz'coe
629 1816 697 1850 sed
721 1815 827 1861 spica
853 1814 974 1850 densa
993 1814 1248 1860 subcapitata.
1277 1813 1476 1860 pedicellis
1495 1814 1752 1859 brevissimis,
1770 1814 1957 1850 distincta.

267 1865 423 1901 Racemi
442 1862 666 1898 terminales
685 1862 879 1898 interdum
898 1862 967 1897 sed
987 1862 1110 1897 rarius
1129 1864 1230 1905 sunt,
1250 1861 1390 1897 abortu
1411 1872 1576 1907 gemmze
1597 1862 1824 1898 terminalis.

332 1974 392 2014 19.
422 1971 481 2014 V.
507 1970 773 2026 poliiolia
804 1970 920 2025 (Btti.
946 1984 987 2012 in
1013 1983 1092 2013 nc.
1118 1970 1268 2012 Prodr.
1296 1970 1348 2022 X,
1375 1983 1415 2023 p.
1443 1971 1546 2026 473)
1575 1974 1956 2020 tornentoso-cana,

265 2032 462 2074 caullbus
490 2042 512 2072 e
539 2030 771 2072 rbizomate
795 2029 996 2071 indurato
1023 2030 1247 2083 cespitosis
1284 2030 1491 2071 brevibus
1515 2029 1871 2073 ascendentibus,
1899 2030 1956 2071 fo·

265 2091 333 2134 liis
356 2089 583 2133 sessilibus
605 2089 879 2141 oblongo-vel
910 2089 1344 2144 liueari-spatluilatis
1372 2089 1462 2131 basi
1497 2090 1731 2132 attenuatis
1767 2090 1957 2143 margine

266 2150 478 2192 revolutis
502 2149 656 2191 obtuse
681 2151 724 2189 et
746 2148 1006 2201 regulariter
1031 2149 1235 2199 cremitis,
1263 2149 1444 2192 racemis
1478 2162 1531 2192 ex
1556 2149 1696 2192 axillis
1738 2149 1956 2202 supremis

264 2209 476 2264 oppositis
502 2206 706 2250 brevibus
733 2207 894 2256 densis,
922 2208 1141 2260 pedicellis
1166 2209 1294 2250 rectis
1320 2209 1464 2262 calyce
1491 2207 1865 2259 subbrevioribus,
1889 2219 1956 2249 ca-

266 2269 370 2319 lycis
393 2266 557 2308 laciniis
574 2266 798 2320 quaternis
818 2265 1233 2320 obovato-oblougis‚
1260 2268 1421 2310 corolla
1440 2270 1566 2310 rosea
1587 2268 1730 2321 calyce
1750 2267 1955 2321 longiore.

265 2327 452 2380 capsulis
479 2325 656 2367 minutis
691 2324 950 2366 torneutellis
983 2327 1075 2368 basi
1103 2324 1296 2368 cuneatis
1330 2331 1583 2369 transverse
1612 2326 1851 2369 latioribus·
1876 2326 1956 2369 late

264 2386 508 2428 obcorslatis
533 2384 676 2435 calyce
706 2384 969 2436 longioribus
1005 2392 1062 2431 ξε.
1095 2385 1133 2427 V.
1158 2385 1489 2441 macrostaclzya
1513 2386 1615 2428 Vabl
1650 2386 1802 2428 Euum.
1827 2399 1866 2441 p.
1901 2383 1948 2428 7‘1

266 2457 319 2486 ex
350 2456 471 2497 spec.
505 2444 735 2496 archetypo
764 2442 883 2484 berb.
918 2443 1045 2485 Desfl
1084 2444 1157 2487 sed
1190 2457 1345 2487 nomen
1378 2445 1669 2500 improprium
1706 2458 1803 2487 nain
1839 2445 1953 2499 spica

265 2516 351 2546 non
378 2502 649 2556 longissima!

313 2576 401 2610 Hab
434 2576 473 2610 in
490 2576 645 2620 regione
673 2575 881 2621 subalpina
898 2578 935 2611 et
952 2575 1085 2622 alpina
1101 2575 1242 2612 Libani
1269 2587 1386 2624 supra
1405 2577 1514 2613 Eden
1545 2577 1710 2622 (Labilll
1738 2578 1867 2614 Boiss!
1899 2577 1954 2612 Bl.

262 2623 351 2657 447!
369 2626 404 2657 et
421 2623 559 2666 36252).
586 2622 625 2657 in
645 2622 873 2657 Antilibano
898 2624 997 2658 circa
1021 2623 1222 2669 Rascheya
1243 2624 1410 2668 (Boissl)
1432 2629 1470 2660 et
1489 2625 1528 2660 in
1548 2625 1635 2671 alpe
1654 2624 1810 2660 Bludan
1836 2634 1954 2672 supra

263 2669 435 2705 Zebdaui
455 2670 559 2705 (300OE
579 2669 668 2715 (ΚΥ.
687 2665 776 2713 4ll),
797 2670 836 2704 in
855 2673 985 2705 monte
1005 2669 1162 2706 Tauro?
1181 2672 1319 2715 (Aucb.
1342 2672 1482 2718 19641).
1515 2673 1557 2708 In
1586 2672 1755 2718 Olympo
1782 2672 1954 2718 Bithyno

265 2727 343 2751 non
362 2717 497 2751 crescit
513 2716 579 2750 ubi
597 2727 643 2751 ex
662 2716 857 2751 schedulae
874 2717 1129 2752 Aucherianae
1151 2719 1456 2755 commutatione
1476 2720 1647 2755 indicata
1665 2719 1749 2762 fuit,
1766 2722 1805 2755 et
1821 2720 1953 2767 planta

264 2766 434 2799 Armena
452 2764 491 2798 in
512 2773 583 2798 Dc
603 2764 718 2798 citata
737 2763 785 2798 ad
813 2762 848 2797 V.
867 2764 1064 2800 ez'neream
1083 2764 1282 2801 referenda
1304 2768 1372 2801 est.

311 2826 451 2862 Caules
468 2826 766 2879 3-4-pollicares,
786 2827 880 2862 folia
899 2838 1021 2873 parva
1039 2839 1082 2864 ea
1103 2830 1338 2866 varietatum
1358 2830 1553 2866 minorum
1574 2830 1729 2867 Teucrz'i
1743 2830 1846 2867 Polz'z·
1860 2831 1953 2867 refe·

263 2874 387 2909 rentia
411 2875 447 2908 in
479 2873 733 2908 calidioribus
760 2884 855 2909 cana
886 2878 923 2910 et
953 2879 1118 2920 anguste
1144 2877 1333 2913 revoluta.
1380 2877 1536 2923 Species
1562 2878 1723 2924 capsula
1753 2879 1879 2914 affinis
1916 2877 1950 2913 V.

265 2921 456 2957 Orientali
476 2931 497 2955 a
517 2921 626 2966 cujus
644 2921 778 2955 formis
798 2921 899 2956 foliis
919 2923 1146 2967 regulariter
1175 2927 1211 2960 et
1235 2925 1373 2960 obtuse
1403 2925 1783 2970 pectinato-crenatis
1803 2930 1840 2962 et
1857 2926 1949 2961 laci-

262 2968 337 3003 niis
360 2968 504 3014 calycis
523 2967 701 3003 obovatis
718 2967 854 3003 differt.
896 2967 932 3003 V.
950 2969 1143 3017 Alc‘ppz'ea
1160 2975 1217 3006 est
1233 2971 1367 3018 planta
1386 2971 1508 3008 multo
1529 2973 1654 3018 major
1670 2972 1822 3009 laciniis
1840 2974 1946 3020 caly-
