2065 3271
66 249 307 297 Haloxylon.
780 253 1050 282 SALSOLACEAE.
1692 244 1762 281 941]

113 327 332 368 Arbuscula
349 327 647 374 12·20-pedalis‚
670 326 868 363 interdum
889 328 1022 362 tamen
1042 325 1239 363 humilior.

117 397 177 433 Ar.
198 394 330 438 Gooq-r.
358 391 504 427 Sibiria
526 391 727 428 Uralensis
747 394 783 428 et
802 390 967 426 Altaica.

128 497 166 538 Ξ.
201 493 263 537 H.
289 491 674 537 articulatum
697 490 819 545 (Cav.
841 491 894 533 Ic.
922 490 996 542 111,
1024 503 1062 545 p.
1087 492 1157 539 43,
1183 492 1266 534 tab.
1297 494 1379 535 284
1408 507 1490 537 non
1516 494 1655 537 Forsk
1677 492 1760 536 sub

69 551 256 607 Salsold)
291 552 487 604 glabrum
527 551 665 595 viride
692 550 998 593 fruticulosum
1036 550 1209 601 humile,
1248 551 1357 595 soliis
1392 553 1444 595 ad
1479 553 1761 596 articulorum

69 614 231 667 apicem
277 610 657 663 squamiformibus
700 610 894 652 breviter
933 609 1272 662 triangularibus
1321 611 1362 653 in
1401 613 1601 665 cupulam
1644 612 1761 653 intus

71 671 263 714 breviter
304 667 546 711 villosulam
586 668 768 717 coalitis,
809 667 1080 710 staminodiis
1119 668 1266 710 ovario
1313 669 1604 721 brevioribus,
1649 669 1762 722 stylo

72 730 208 779 brevi,
238 727 510 781 stigmatibus
540 727 650 770 binis
675 726 1018 779 divergentibus‚
1050 726 1130 769 alis
1154 728 1403 780 maJusculis
1438 728 1763 782 subaequalibus

71 785 593 831 obovato-orbicularibus
613 786 803 839 margine
819 785 1005 828 erosul'1s
1020 788 1057 836 5.
1081 784 1329 838 Caroaeylon
1348 786 1632 829 articulatam
1651 788 1761 841 Moq.

73 849 114 890 in
143 860 224 889 D.c.
255 844 408 888 Prodr.

121 921 219 956 Hal).
241 921 277 955 in
307 920 459 954 deserto
482 918 557 953 Tib
581 918 736 953 Arabiae
761 919 910 954 Petreae
937 918 1090 961 (Boissi
1122 918 1338 964 specimina
1364 919 1536 954 nonduin
1565 919 1765 964 florifera),

73 967 249 1013 Egyptus
266 966 460 1009 (Redonte
476 975 524 1000 ex
540 965 677 1011 ,Nlo-1),
696 975 814 1011 prope
827 964 1334 1009 Damas-eun1fi32111112199
1348 966 1564 1011 sp‹·‹;imina
1582 966 1766 1011 juniora).

75 1015 295 1061 Siaeeciinina
316 1023 402 1047 inea
422 1012 585 1047 {loribus
606 1015 641 1047 et
661 1014 786 1047 fructu
809 1013 949 1048 orbata
976 1012 1172 1048 subdubie
1201 1012 1247 1047 ad
1275 1011 1323 1047 H.
1349 1012 1604 1048 articulatum
1630 1013 1766 1058 resero,

73 1062 140 1097 sed
163 1061 268 1104 folin,
291 1060 460 1104 babitus,
476 1059 636 1094 omnino
655 1059 806 1094 endem.

123 1125 183 1159 Ar.
201 1124 331 1167 Geoqr.
360 1109 508 1157 Arabia
529 1121 754 1167 subn-opica
774 1121 997 1167 OEbrean,
1016 1121 1149 1158 Africa
1170 1121 1341 1157 borealis
1366 1121 1414 1157 ad
1434 1121 1584 1165 Biskra,
1605 1132 1768 1168 regnum

77 1169 363 1212 Mai-occanum,
388 1168 579 1214 Hispania
603 1169 970 1204 austro-orientalis.

137 1271 177 1312 3.
209 1268 273 1311 H.
307 1266 703 1311 multiflorum
736 1267 864 1322 (Moq.
894 1268 938 1310 in
972 1282 1050 1311 nc.
1085 1268 1237 1310 Prodr.
1276 1269 1354 1310 loc.
1390 1268 1460 1310 cit.
1495 1280 1534 1322 p.
1577 1268 1659 1310 212
1690 1269 1770 1311 sub

78 1327 291 1383 Artaba-si)
310 1326 607 1369 fruticulosum
628 1327 905 1379 glaucescens
925 1327 1270 1370 ramosissimum
1293 1328 1424 1370 ramis
1449 1327 1606 1369 erectis
1630 1327 1771 1369 brevi·

78 1388 173 1438 bus,
185 1386 292 1430 soliis
307 1385 689 1440 squamisormibus
704 1385 914 1428 brevibus
928 1386 1266 1440 triangularibus
1283 1385 1590 1429 crassiusculis
1605 1385 1772 1429 obtusis

76 1447 119 1489 in
157 1446 357 1499 eupulam
400 1444 578 1494 coalitis,
611 1443 793 1486 fioribus
835 1443 970 1487 dense
1007 1449 1049 1488 et
1082 1445 1275 1488 breviter
1314 1445 1507 1500 spinatis,
1544 1444 1773 1488 bracteolis

79 1505 232 1559 amplis
275 1502 593 1546 orbicularibus
632 1503 830 1545 concavis
880 1505 1081 1558 cupulam
1127 1505 1465 1558 superantibus,
1504 1504 1774 1547 staminodiis

79 1563 285 1606 brevibus
324 1561 714 1613 subcartilagineis‚
746 1563 859 1615 stylo
890 1575 1039 1606 crasso
1083 1563 1358 1617 stigmatibus
1398 1563 1660 1615 lanceolatis,
1695 1563 1775 1606 alis

79 1623 244 1676 magnis
270 1620 634 1664 seniiorbiculatis
660 1626 694 1668 5.
721 1620 772 1662 H.
800 1620 1091 1675 multiflorum
1116 1622 1201 1676 Bge
1227 1623 1268 1664 in
1297 1623 1376 1665 litt.

128 1700 226 1735 Hah.
248 1701 286 1734 in
306 1707 425 1744 regno
446 1696 631 1733 Cabulico
652 1697 779 1741 (Griff.
801 1697 942 1744 17861).

128 1761 352 1798 Fruticulus
374 1759 634 1803 semipedalis.
654 1761 754 1795 rami
773 1762 953 1797 annotini
972 1761 1231 1808 bipollicares.
1260 1761 1400 1798 Differt
1416 1772 1439 1797 a
1459 1761 1774 1808 praecedentibus

79 1810 196 1855 spicis
214 1809 347 1844 densis
372 1806 636 1854 pollicarihus,
656 1807 862 1843 bracteolis
882 1809 1005 1854 magis
1028 1808 1209 1844 evolutis.

141 1916 179 1956 4.
213 1914 277 1957 H.
311 1912 733 1956 salicornicnm
757 1912 886 1968 [lloq.
924 1915 967 1956 in
995 1926 1079 1957 nc.
1111 1915 1265 1958 Prodr.
1294 1915 1319 1957 l.
1353 1916 1423 1959 cit.
1455 1929 1494 1971 p.
1522 1916 1628 1971 174)
1654 1916 1778 1959 fruti-

83 1986 228 2017 cosum
260 1973 538 2027 glaucescens
572 1972 706 2014 ramis
739 1973 894 2016 erectis
922 1974 1082 2016 crassis
1107 1974 1259 2017 crebre
1287 1979 1330 2017 et
1360 1975 1511 2019 stricte
1543 1976 1777 2019 ramulosis

83 2032 350 2088 paniculatis‚
390 2029 503 2072 foliis
539 2031 922 2084 squamiformibus
963 2033 1157 2076 breviter
1191 2034 1537 2087 triangularibus
1580 2036 1775 2089 margine

84 2090 422 2134 membranaceis
439 2090 481 2131 in
499 2090 698 2143 cupulam
718 2090 834 2133 intus
855 2090 976 2145 longe
995 2092 1219 2134 barbatam
1241 2093 1419 2143 coalitis,
1436 2093 1621 2137 floribus
1642 2105 1779 2137 remo-

84 2150 283 2193 tiusculis
318 2149 439 2202 longe
474 2148 648 2202 spicatis
680 2148 873 2191 articulis
906 2150 1182 2199 subclavatis,
1211 2151 1443 2196 bracteolis
1471 2152 1610 2195 oratis
1643 2153 1779 2196 acutis

86 2209 178 2251 basi
204 2209 368 2255 lanatis,
405 2207 517 2261 stylo
556 2207 677 2249 brevi
711 2208 983 2261 stigmatibus
1018 2209 1296 2263 subclavatis‚
1322 2211 1491 2254 fructus
1522 2212 1599 2254 alis
1624 2213 1777 2266 majus-

86 2268 193 2310 culis
219 2266 677 2310 obovato-orbiculatis
695 2273 731 2314 5.
756 2266 806 2309 H.
826 2267 1141 2310 salic-ornicum
1162 2268 1248 2323 Bge
1276 2270 1317 2312 in
1347 2270 1425 2312 litt.

135 2343 235 2377 Hal).
264 2344 302 2377 in
330 2351 447 2387 regno
469 2341 659 2376 Cahulieo
679 2341 726 2377 ad
744 2342 923 2385 Baricab,
952 2342 1147 2389 Baissoul,
1171 2344 1404 2390 Hugarnow
1425 2345 1552 2388 (Griff.
1571 2346 1712 2390 17962),
1741 2347 1781 2381 in

88 2389 309 2425 Belutschia
326 2387 482 2429 (Stocks
505 2388 644 2433 12182),
669 2389 708 2423 in
731 2389 863 2424 Persia
879 2390 1102 2435 Affglianiae
1125 2393 1369 2428 contermina
1387 2393 1437 2428 ad
1457 2393 1614 2429 Tebbes
1633 2393 1779 2439 (Egel).

137 2455 246 2491 Rami
269 2457 323 2490 vis
343 2453 390 2490 H.
410 2452 616 2499 multiflori
637 2455 847 2489 crassiores
869 2454 1068 2500 longiores
1090 2456 1344 2503 paniculatiin
1366 2458 1633 2505 multispicati‚
1663 2459 1781 2504 spicae

90 2504 228 2538 tenues
251 2500 557 2548 2-3-1·›ollicares.
589 2501 709 2536 Amic.
729 2511 751 2536 a
773 2500 850 2547 Bge
870 2502 977 2548 prius
997 2503 1171 2549 plantam
1196 2514 1243 2539 ex
1261 2504 1415 2541 Tebbes
1435 2510 1473 2541 ut
1500 2506 1670 2551 speciem
1693 2515 1780 2550 pro-

92 2551 213 2631 priam
242 2549 316 2588 sul>
348 2547 395 2583 H.
422 2547 607 2593 eleqantis
638 2548 794 2583 nomine
825 2548 1081 2595 descripserat
1114 2550 1183 2587 sed
1216 2561 1317 2587 nunc
1353 2552 1402 2588 ad
1432 2551 1480 2588 H.
1504 2552 1781 2589 saliem-mcum

95 2596 154 2631 adt
173 2597 260 2632 uoit.
571 2612 576 2616 -

152 2696 190 2736 5.
223 2694 286 2737 H.
321 2704 637 2738 recurvum
671 2693 822 2748 [Wall.
858 2693 945 2738 Cat.
972 2696 1086 2738 6943
1117 2697 1198 2741 sub
1233 2696 1419 2751 Salsold)
1441 2698 1639 2752 glabrum
1667 2698 1783 2752 prui-

95 2766 262 2803 nosum,
287 2754 418 2796 ramis
441 2753 596 2795 erectis
630 2753 789 2795 crassis
823 2754 1031 2807 patentim
1066 2759 1110 2798 et
1144 2757 1338 2810 opposite
1366 2757 1782 2810 ramuloso-panicu-

96 2811 208 2861 latis,
236 2812 345 2854 soliis
369 2811 578 2854 teretibus
602 2812 761 2854 crassis
785 2811 992 2856 brevibus
1021 2815 1333 2858 mueronulatis
1358 2818 1421 2858 vel
1442 2816 1608 2858 obtusis
1640 2819 1785 2869 paten-

88 2871 209 2913 tibus
249 2872 314 2913 vel
352 2870 562 2920 recurvis,
604 2870 785 2914 floribus
819 2871 985 2915 dissitis
1020 2874 1143 2926 longe
1181 2874 1369 2928 spientis,
1410 2875 1520 2917 foliis
1556 2874 1782 2919 floralibus

97 2930 232 2972 oratis
269 2930 507 2972 bracteolas
548 2933 694 2972 ovatas
734 2934 879 2974 acutas
909 2932 1233 2985 superantibus,
1269 2933 1539 2975 st-aminodiis
1574 2933 1784 2986 cartilagi-

100 2989 189 3031 neis
224 3002 245 3032 a
280 2989 599 3032 tilamentorum
630 2988 785 3043 cupula
814 2989 902 3033 fere
937 2990 1098 3044 liboris,
1129 2992 1295 3035 fructus
1327 2992 1404 3033 alis
1433 2991 1724 3035 mediocribus
1749 3000 1783 3042 5.
