2100 3262
325 220 400 258 550
1087 234 1282 261 LABIATAE.
1794 230 2004 277 Orzjqanum

377 300 478 336 Hah.
498 302 538 336 in
564 301 754 348 lapidosis
782 303 997 341 mobilibus
1024 306 1147 352 partis
1174 306 1386 353 superioris
1413 308 1557 343 montis
1577 308 1720 355 Delphi
1737 310 1882 348 Eubeae
1899 315 2012 355 4600’.

326 346 430 384 5500'
448 348 598 393 (Heldr.
618 348 734 385 Herb.
757 350 890 387 Norm.
908 352 1022 397 7841),
1040 353 1080 388 in
1099 356 1227 389 monte
1242 353 1413 400 Condyli
1432 354 1576 391 Eubeae
1594 354 1699 393 4000’
1719 357 1826 404 Orph
1842 362 1882 404 t).

376 403 502 458 Affine
522 403 563 440 O.
583 403 721 459 scabro
740 417 764 441 a
782 417 860 461 quo
881 408 1009 444 differt
1025 408 1130 444 foliis
1148 410 1324 455 margine
1342 410 1522 453 laevibus,
1545 412 1663 457 spicis
1689 412 1846 458 longius
1871 419 2009 462 pedun-

327 451 479 504 culatls,
504 451 648 505 caly01s
678 464 826 490 enervn
853 466 921 491 nec
944 455 1128 492 elevatim
1155 458 1311 493 nervosi
1336 457 1454 493 labiis
1475 458 1790 506 subaequilongis
1816 471 1886 499 nec
1903 467 2009 506 valde

326 498 601 545 maequahhus.
626 499 720 536 Haec
743 502 890 549 species
907 502 948 538 in
966 503 1052 539 loco
1070 503 1192 540 natali
1208 504 1355 541 formas
1373 514 1462 540 cum
1482 504 1522 542 Ο.
1544 505 1646 543 hirto
1667 507 1857 553 hybridas
1880 511 2005 558 gignit,

386 600 455 643 411.
490 600 547 644 Ο.
588 599 1041 646 rotundifolium
1080 602 1236 657 (Boiss.
1284 603 1438 657 Diagn.
1489 604 1582 648 Ser.
1631 604 1686 658 ΙΙ,
1734 606 1774 655 4,
1817 604 1889 662 11)
1924 609 2008 656 basi

325 661 534 704 hirtutum
582 664 783 702 caeterum
832 662 1029 714 glabrum
1065 662 1219 715 pallide
1251 663 1413 713 virens,
1450 665 1645 707 caulibus
1681 666 2008 715 ascendentibus

328 720 504 774 pumilis
546 720 675 762 dense
723 720 886 762 follosis
935 721 1201 775 simplicibus
1256 723 1575 776 monostacbyis
1627 724 1690 765 vel
1735 723 1854 777 apice
1888 727 2009 780 oligo-

327 779 532 833 stacbyis,
572 779 681 820 foliis
709 779 937 822 sessilibus
970 781 1169 823 elevatim
1199 780 1397 822 nervosis
1436 781 1724 824 subcoriaceis
1759 786 2009 829 ovato-orbi-

324 838 477 881 culatis
518 839 607 880 basi
642 842 824 891 anguste
861 839 1047 881 cordatis
1086 838 1380 881 obtusissimis
1415 841 1611 894 ‘margine
1650 841 1846 893 laevibuS,
1887 845 2008 896 spicis

326 897 557 940 sessilibus
609 898 674 939 vel
723 897 980 940 brevissime
1026 897 1328 951 pedunculatis
1377 900 1540 948 ovatis,
1586 900 1770 942 bracteis
1819 902 2007 947 maximis

325 956 666 999 membranaceis
695 956 803 998 albis
832 957 995 1010 glabris
1020 956 1271 1000 orbiculatis
1306 956 1397 998 basi
1434 958 1641 1007 cuneatis,
1684 959 1841 1011 calycis
1876 961 2003 1014 glabri

325 1015 436 1057 labio
462 1016 687 1068 superiore
714 1015 756 1056 in
782 1015 933 1057 dentes
957 1019 1106 1059 ovatos
1129 1015 1421 1058 acutiusculos
1438 1016 1491 1058 ad
1518 1017 1686 1060 tertiam
1712 1020 1874 1070 partem
1897 1019 2003 1071 fisso,

322 1074 526 1116 inferiore
564 1074 847 1116 subbreviore
882 1075 922 1116 in
959 1074 1110 1117 dentes
1149 1074 1767 1118 lanceolatos'obtusiusculos
1806 1076 1860 1117 ad
1887 1076 2002 1121 basin

325 1133 494 1186 partito,
531 1134 702 1176 corollae
739 1133 891 1175 albidae
922 1133 1026 1177 tubo
1061 1133 1201 1188 calyce
1232 1133 1362 1187 duplo
1397 1133 1588 1187 longiore
1612 1147 1698 1177 non
1726 1134 1850 1188 gibbo
1883 1136 2004 1181 limbo

322 1193 441 1247 apice
463 1204 484 1234 e
512 1191 696 1235 bracteis
723 1194 980 1236 subexserto
1016 1198 1074 1239 26.

369 1258 467 1293 Hab.
487 1259 525 1293 in
547 1259 702 1301 regione
722 1261 908 1294 montana
927 1259 1121 1294 Armeniae
1138 1258 1320 1301 Turcicae,
1345 1259 1385 1294 in
1410 1268 1519 1304 prov.
1544 1257 1710 1294 Batoum
1730 1259 1890 1304 (Calvi),
1913 1261 2003 1297 circa

323 1306 476 1340 Artwin
496 1306 552 1349 (C.
576 1305 682 1341 Koch
693 1308 728 1350 l),
747 1306 846 1341 inm·
864 1305 1200 1341 Gumuschkhane
1220 1309 1257 1341 et
1275 1305 1432 1341 Kerekli
1450 1305 1638 1350 (chihl).

323 1407 345 1442 9
366 1361 626 1444 iSJemipcidtale,
661 1363 752 1398 folia
782 1362 868 1398 9—10
895 1362 1018 1398 lineas
1046 1362 1174 1407 longa,
1202 1362 1366 1398 bracteae
1395 1361 1499 1397 foliis
1528 1361 1606 1397 fere
1633 1362 1798 1407 majores
1823 1362 2005 1399 diametro

383 1419 491 1444 ineas
529 1420 549 1444 a
570 1419 611 1444 ae.

387 1507 446 1547 ¹2.
477 1506 533 1549 Ο.
573 1507 1049 1556 Haussknechtii‚
1077 1507 1435 1560 glabrinsculum,
1477 1507 1674 1549 caulibus
1714 1518 1737 1548 e
1777 1506 2001 1551 rhizomate

318 1564 523 1608 indurato
545 1565 878 1608 ascendentibus
902 1566 1051 1618 rigidis
1079 1566 1335 1619 paniculatis
1359 1566 1667 1609 remotiuscule
1690 1566 1868 1616 foliosis,
1895 1566 1999 1608 foliis

321 1624 466 1677 parvis
501 1625 704 1666 coriaceis
746 1626 958 1677 punctatis
996 1625 1193 1667 nervosis
1231 1625 1568 1667 cordato-ovatis
1611 1624 1778 1666 obtusis
1814 1626 1998 1677 margine

318 1682 496 1727 scabris.
524 1684 746 1725 floralibus
771 1685 932 1726 sensim
956 1684 1195 1733 (liminum,
1216 1684 1345 1738 spicis
1372 1683 1577 1736 oblongis,
1598 1683 1783 1725 bracteis
1807 1685 1997 1726 coloratis

316 1741 476 1794 glabris
501 1743 638 1785 ovatis
664 1743 830 1785 obtusis
857 1744 1019 1793 calyces
1047 1742 1371 1791 occultantibus
1405 1743 1562 1796 calycis
1596 1741 1997 1796 glanduloso-punc-

316 1802 389 1841 tati
416 1800 525 1843 labio
544 1802 769 1855 superiore
796 1802 847 1843 ad
871 1802 1058 1844 medium
1083 1802 1124 1844 in
1151 1802 1173 1842 3
1203 1802 1354 1843 dentes
1378 1806 1526 1844 ovatos
1550 1801 1729 1844 obtusos
1753 1801 1871 1852 fisso,
1896 1802 1995 1843 infss-

316 1860 432 1902 riore
461 1860 744 1903 subbreviore
766 1861 808 1902 in
833 1861 984 1903 dentes
1003 1861 1126 1903 binos
1146 1861 1404 1902 lanceolatos
1429 1859 1606 1902 obtusos
1623 1859 1673 1901 ad
1690 1859 1810 1901 basin
1832 1861 1994 1914 partito,

317 1919 485 1960 corollae
510 1931 646 1962 roseae
674 1919 775 1960 tubo
803 1932 883 1961 non
909 1919 1034 1973 gibbo
1062 1920 1204 1973 calyce
1229 1919 1361 1972 duplo
1387 1918 1580 1971 longiore
1618 1924 1676 1965 26.

360 1984 460 2019 Hah.
481 1985 520 2019 in
540 1990 668 2019 monte
693 1985 859 2031 Akdagh
881 1985 1080 2021 Cataonia}
1100 1995 1218 2032 supra
1235 1985 1428 2020 Adiaman
1446 1984 1550 2020 5000’
1569 1984 1744 2028 (Haussk
1757 1985 1795 2029 l).

360 2039 455 2075 Htec
480 2042 627 2086 species
647 2051 765 2086 quam
784 2042 890 2087 prius
911 2051 978 2086 pro
1000 2040 1040 2077 O.
1057 2040 1302 2085 rotundzfoliz'
1317 2041 1503 2075 varietate
1523 2039 1734 2075 habuimus
1752 2039 1856 2121 (fuod
1874 2040 1991 2074 form-:1

311 2085 455 2132 calycis
475 2088 586 2122 refert
604 2089 653 2122 ab
675 2098 719 2123 eo
739 2092 837 2123 certe
857 2089 983 2123 differt
1001 2088 1103 2123 foliis
1124 2087 1248 2123 multo
1269 2087 1488 2122 minoribus
1516 2086 1596 2130 (5-6
1620 2087 1744 2122 lineas
1778 2087 1905 2131 ongis)
1923 2086 1992 2120 dis-

314 2134 398 2168 sitis
418 2137 454 2168 et
473 2136 646 2179 margine
666 2136 825 2173 scabris,
844 2136 1059 2181 prfesertim
1079 2135 1243 2170 bracteis
1262 2134 1378 2181 triplo
1395 2134 1613 2169 minoribus
1630 2133 1992 2179 ovato—spathulatis

311 2180 375 2215 4-5
394 2179 518 2216 lineas
539 2181 780 2227 longitudine
798 2192 877 2217 non
898 2182 1187 2218 excedentibus.

904 2321 1023 2364 SECT.
1052 2322 1103 2364 II.
1137 2322 1429 2365 Enomcaxun.

378 2448 434 2488 13.
469 2447 524 2490 Ο.
561 2449 908 2503 laevigatum
947 2448 1105 2494 tBotss.
1144 2449 1184 2489 in
1221 2449 1333 2490 Ann.
1377 2447 1440 2490 Sc.
1483 2447 1579 2490 Nat.
1621 2448 1689 2497 54,
1732 2448 1770 2495 Ξ),
1811 2460 1847 2499 p.
1889 2445 1987 2495 ⁰2:³⁴2)

309 2506 632 2559 glaber-rimam.
660 2508 854 2549 caulibus
877 2508 969 2549 basi
998 2507 1380 2560 procumbentibus
1415 2507 1482 2549 vel
1506 2505 1841 2549 ascendentibus
1875 2504 1986 2544 elon-

307 2566 415 2617 gatis
439 2566 670 2617 gracilibus
698 2566 896 2618 rigidulis
921 2567 1044 2608 elatis
1068 2565 1337 2618 panIculatis‚
1366 2565 1475 2607 soliis
1501 2565 1646 2618 parvis
1672 2563 1825 2617 pallide
1850 2563 1984 2602 viren-

308 2623 422 2665 tibus
464 2625 689 2666 sessilibus
729 2625 1132 2679 elliplico-oblongis
1175 2619 1455 2666 acutiusculi's
1493 2623 1672 2676 integris
1706 2623 1772 2663 vel
1810 2621 1984 2662 obscure

308 2683 525 2734 repandis.
551 2684 680 2736 spicis
708 2683 898 2725 breviter
917 2683 1217 2737 pedunculatis
1237 2683 1445 2725 brevibus
1463 2677 1982 2736 paucillorislaxiusculis.

310 2742 493 2782 bracteis
521 2742 760 2783 virentibus
796 2746 975 2794 auguste
1008 2741 1206 2794 elliplicis
1245 2741 1381 2782 acutis
1419 2741 1704 2782 subcarinatis
1732 2738 1861 2790 calyci
1888 2735 1983 2799 sub-

306 2800 573 2853 :equilongis
600 2802 755 2850 calycis
780 2801 914 2852 glabri
939 2801 1188 2853 impunctati
1213 2800 1330 2841 fauce
1348 2799 1489 2841 villosi
1511 2799 1714 2841 dentibus
1735 2796 1981 2850 {equilongls

307 2859 828 2910 triangnlari-lanceolatis
854 2858 1162 2901 obtusiusculis
1193 2858 1294 2901 tubo
1328 2859 1454 2910 triplo
1493 2856 1781 2904 brev10ribus,
1819 2852 1982 2896 corolla*

306 2930 538 2969 purpureae
574 2919 712 2970 calyce
748 2918 874 2970 triplo
916 2917 1117 2970 longioris
1153 2917 1255 2958 tubo
1295 2917 1338 2957 iu
1380 2916 1555 2958 limbum
1605 2927 1783 2969 parvum
1827 2912 1979 2954 sensim

303 2976 505 3027 ampliato
540 2982 594 3022 36.
