2080 3241
79 185 341 227 Comitatus.
742 195 1106 222 CONVOLVULACEAE.
1728 189 1778 225 95

78 269 413 316 ascendentibus
450 269 629 322 pumilis
669 270 972 313 crassiusculis
1013 271 1161 312 stricte
1200 274 1241 313 et
1275 270 1468 313 breviter
1526 271 1774 324 ramulosis‚

78 330 191 374 soliis
218 328 478 371 radicalibus
502 327 761 380 spathulatis
789 327 1244 382 oblongo-lanceolatis
1268 330 1311 371 in
1339 330 1549 383 petiolum
1577 335 1775 373 attenua-

78 391 149 442 tis,
176 387 358 429 caulinis
381 385 612 429 sessilibus
641 385 1090 442 elliptico-linearibus
1116 389 1252 431 acutis
1288 389 1492 443 utrinque
1520 389 1772 441 attenuatis,

79 445 262 492 floribus
297 445 492 499 capitatis
522 446 820 489 terminalibus
848 447 1091 497 sessilibus‚
1120 447 1307 490 bracteis
1334 448 1530 502 oblongis
1559 447 1775 491 acumina-

77 508 151 562 tis,
179 506 337 558 sepalis
364 504 674 558 hispidissimis
698 519 720 548 a
744 505 837 548 basi
861 506 1097 549 lanceolata
1125 507 1250 560 longe
1279 507 1775 550 subselaceo-acumina-

77 567 148 617 tis,
182 563 339 606 corolla
373 567 500 606 extus
533 563 697 607 sericea
732 565 875 618 calyce
909 565 1041 618 duplo
1068 565 1274 617 longiore,
1302 566 1451 608 ovario
1480 568 1618 620 piloso
1641 572 1677 617 5.
1726 568 1770 609 C.

79 621 368 674 lannyz'nosus
394 635 475 664 var
517 622 546 675 β
574 622 698 666 Desr.
726 625 827 666 Enc.
859 637 896 678 p.
924 624 1020 666 552.
1052 648 1106 653 —
1135 624 1172 666 C.
1200 624 1418 666 modestus
1450 625 1585 669 Boiss.
1612 627 1687 667 loc.
1707 626 1776 666 cit.

78 697 120 738 p.
149 683 218 724 802.

124 755 295 791 Hab..in
321 756 432 792 siccis
460 755 566 791 Meso
597 755 753 791 otamiae
784 754 907 799 (Oliv.
932 759 971 791 et
996 755 1156 801 Bourgl,
1185 757 1308 792 Auch.
1328 758 1472 801 1411!)‚
1506 758 1773 793 Kurdistaniae

77 806 258 839 Armente
287 803 388 838 inter
406 802 489 838 Van
508 805 546 838 et
587 803 686 838 schri
707 804 856 846 (Nom),
875 803 1017 839 Persiae
1044 804 1126 839 bor.
1147 814 1267 850 prope
1286 804 1415 840 Sisian
1434 805 1631 850 (Eumol),
1658 815 1770 852 prov.

76 849 318 942 Aderffldjazp
336 850 474 894 (Auch.
494 850 632 895 49470,
650 850 699 886 ad
717 850 912 886 Seidabad
927 860 1047 897 prope
1066 851 1207 886 Tabris
1230 854 1266 886 et
1288 853 1389 887 inter
1407 851 1611 888 Sultanieh
1628 856 1665 887 et
1678 853 1771 887 Sen-

78 907 153 944 gan
227 907 273 943 ge
315 924 322 930 .

126 960 266 996 Caules
284 962 554 1007 semipedales,
572 972 595 997 a
615 960 654 997 C.
676 961 848 997 samate'li
863 961 967 997 foliis
986 961 1189 998 latioribus
1206 965 1243 998 et
1260 963 1405 1009 sepalis
1426 963 1582 1008 longius
1603 966 1772 998 setaceo-

78 1009 310 1044 acuminatis
328 1009 541 1049 discedens,
560 1010 687 1054 magis
708 1009 837 1044 affinis
862 1008 900 1045 C.
923 1008 1097 1045 Calvertz'
1113 1020 1134 1045 a
1151 1021 1229 1056 quo
1251 1013 1382 1046 tamen
1401 1010 1623 1046 indumenti
1670 1009 1770 1045 atuli

78 1056 241 1098 defectu,
259 1056 439 1091 caulibus
460 1057 731 1101 crassioribus,
750 1056 855 1092 foliis
874 1056 1094 1102 latioribus,
1112 1057 1277 1093 floribus
1296 1057 1525 1104 majoribus,
1543 1068 1638 1104 sepa
1657 1058 1688 1092 is
1706 1057 1772 1093 ,ἰν-ὕ

78 1102 202 1139 lineas
221 1103 351 1149 longis
370 1107 430 1139 sat
448 1103 600 1139 differre
615 1103 782 1139 videtur.

138 1228 205 1269 25.
239 1228 292 1272 C.
324 1227 729 1271 holosericeus
753 1226 880 1282 (ΜΒ.
904 1229 1033 1271 Taur.
1054 1227 1179 1272 Cauc.
1198 1229 1229 1281 I,
1253 1242 1296 1283 p.
1332 1230 1432 1284 147)
1457 1234 1574 1273 totus
1593 1231 1772 1284 adpres-

77 1287 248 1330 sissime
275 1287 604 1330 sericeo-nitens
630 1287 723 1330 basi
751 1286 1081 1337 suffrutescens,
1113 1289 1310 1331 caulibus
1339 1289 1677 1331 ascendentibus
1704 1290 1772 1331 vel

77 1345 465 1400 procumbentibus
504 1347 696 1389 tenuiter
736 1345 936 1399 virgatis,
974 1347 1085 1390 foliis
1119 1347 1401 1390 inferioribus
1446 1348 1693 1391 lanceolatis
1731 1349 1776 1390 iu

77 1405 287 1458 petiolum
315 1405 549 1448 attenuatis
578 1406 746 1448 caeteris
780 1404 1204 1449 lineari-lanceolatis
1241 1411 1283 1449 et
1317 1410 1500 1460 anguste
1534 1408 1776 1450 linearibus

77 1464 212 1506 acutis
236 1464 480 1513 sessilibuS,
504 1465 687 1507 floribus
709 1466 753 1507 in
777 1465 918 1507 axillis
942 1465 1246 1519 superioribus
1268 1465 1560 1509 subsolitariis
1580 1467 1776 1508 breviter

78 1523 145 1565 vel
170 1523 438 1576 longiuscule
463 1523 764 1577 pedunculatis
790 1524 885 1566 laxe
912 1525 1146 1567 racemosis
1175 1524 1480 1568 terminalibus
1520 1526 1589 1567 1-3
1618 1537 1774 1578 appro-

76 1582 262 1633 ximatis,
295 1582 514 1635 pedicellis
549 1582 692 1636 calyce
731 1582 1107 1630 subbrevioribus,
1137 1584 1322 1627 bracteis
1361 1584 1589 1633 simulatis,
1616 1584 1776 1638 sepelis

77 1640 285 1695 adpresse
323 1641 448 1684 hirtis
486 1642 623 1684 ovatis
660 1642 853 1684 breviter
889 1644 1143 1686 acuminatis
1179 1644 1374 1686 externis
1414 1647 1536 1697 parte
1573 1642 1768 1686 inferiori

76 1700 401 1753 inflato-gibbis,
429 1701 588 1743 corolla
612 1702 746 1744 lactea
780 1704 906 1745 extus
934 1702 1199 1744 holosericea
1234 1703 1378 1756 calyce
1403 1702 1651 1757 quadruplo
1680 1702 1772 1743 lon-

77 1758 207 1812 giore,
231 1760 409 1812 capsula
437 1759 546 1802 hirta
574 1766 609 1808 5.
636 1760 689 1802 Ic.
718 1760 822 1802 ΜΒ.
850 1759 969 1803 Cent.
994 1760 1119 1803 Ross.
1146 1762 1229 1803 tab.
1260 1762 1328 1803 ⁰24.

124 1831 223 1867 Hah.
253 1833 292 1867 in
323 1832 492 1868 collibus
523 1834 633 1869 siccis
663 1834 857 1869 Anatoliae
887 1834 969 1870 bor.
1004 1834 1053 1869 ad
1076 1834 1273 1871 Kadikeui
1307 1835 1486 1880 (Wiedl),
1518 1835 1702 1880 Phrygiae
1729 1835 1780 1870 acl

75 1878 237 1915 Ouchak
264 1879 406 1924 (Bali),
424 1880 560 1925 Lydiae
581 1881 630 1916 ad
658 1881 806 1928 radices
826 1881 997 1927 Mesogis
1024 1892 1145 1929 prope
1171 1882 1347 1918 Derbent
1374 1883 1554 1927 (Boissl]‚
1578 1883 1706 1927 Lyciae
1728 1882 1778 1917 ad

75 1926 232 1962 Elnialu
250 1926 410 1973 (Bourg.
429 1928 546 1973 2411),
566 1929 720 1964 Pisidiae
741 1928 926 1973 (Heldrl),
945 1929 1105 1965 Isauriae
1124 1930 1268 1974 (Peron
1281 1931 1318 1975 l),
1339 1930 1453 1966 Ponti
1475 1930 1666 1975 (Tehihl),
1681 1930 1780 1977 Cap-

77 1973 248 2019 padociae
279 1975 417 2015 (Auch.
448 1975 584 2021 14090,
615 1976 740 2021 Syriae
773 1976 853 2011 hor.
888 1976 937 2011 ad
959 1977 1105 2012 Aintab
1134 1980 1171 2013 et
1190 1977 1491 2024 Mesopotamiae
1524 1978 1777 2013 conterminae

73 2020 300 2066 (Hausskl),
319 2023 516 2058 Armeniae
534 2023 584 2058 ad
605 2023 749 2059 Baibut
767 2023 916 2070 (Bourg
929 2025 965 2068 l),
984 2024 1141 2059 Tauriae
1161 2023 1325 2068 (Stevl).

122 2084 265 2122 Caules
293 2087 551 2134 semipedales
577 2089 702 2123 rarius
722 2088 892 2134 pedales,
915 2088 1027 2124 flores
1055 2099 1190 2134 magn.
1214 2089 1255 2126 C.
1276 2091 1466 2126 arcensis.
1487 2089 1601 2125 Folia
1620 2090 1778 2125 variant

76 2132 192 2186 yalde
212 2136 390 2186 angusta.
421 2134 575 2181 Species
596 2135 727 2180 calyce
747 2136 806 2179 (ut
825 2136 865 2171 in
884 2134 1152 2173 Helz'anthemz'
1170 2137 1377 2184 speciebus
1398 2137 1620 2183 nonnullis)
1644 2137 1780 2172 inflato

76 2189 260 2226 insignis.

139 2314 207 2356 ⁶26.
239 2315 294 2358 C·
321 2315 676 2360 Cantabrica
702 2316 768 2371 (L.
795 2317 866 2371 Sp.
893 2317 996 2372 225)
1021 2318 1218 2362 caulibus
1244 2318 1470 2361 herbaceis
1492 2330 1514 2360 e
1537 2318 1775 2363 rllizomate

77 2372 278 2416 indurato
297 2374 657 2419 decumbentibus
681 2376 748 2419 vel
766 2376 922 2419 erectis
941 2377 1151 2431 elongatis
1169 2378 1259 2420 fere
1278 2391 1301 2419 a
1319 2377 1411 2419 basi
1429 2377 1613 2420 ramosis
1632 2376 1778 2431 patule

77 2432 146 2474 vel
181 2433 390 2488 adpresse
432 2435 628 2487 hirsutis,
666 2435 779 2479 foliis
816 2434 1033 2479 viridibus
1075 2437 1284 2492 utrinque
1325 2436 1452 2478 hirtis
1493 2434 1776 2478 inferioribus

76 2491 548 2546 oblongo-lanceolatis
585 2495 628 2536 in
672 2496 877 2548 petiolum
918 2497 1154 2538 attenuatis
1199 2495 1505 2550 superioribus
1545 2493 1775 2537 sessilibus

79 2551 324 2594 lanceolatis
360 2555 401 2593 et
436 2553 689 2605 linearibus,
727 2555 863 2608 cyrnis
891 2554 1073 2597 trilloris
1110 2555 1177 2597 vel
1214 2555 1367 2598 abortu
1411 2554 1612 2596 unissoris
1654 2553 1777 2605 longe

76 2608 378 2662 pedunculatis
417 2612 721 2655 terminalibus
760 2613 1002 2667 panicularn
1042 2615 1180 2656 laxam
1219 2615 1408 2667 patulam
1448 2613 1549 2668 plus
1576 2613 1777 2654 minusve

75 2668 909 2727 multifloramso1·mantibuS‚pedicellis
928 2674 1071 2727 calyce
1090 2673 1384 2725 brevioribus,
1401 2672 1586 2715 bracteis
1608 2671 1778 2713 lineari-

77 2726 307 2778 subulatis,
331 2731 490 2783 sepalis
515 2731 694 2773 hirsutis
718 2732 967 2775 lanceolatis
991 2733 1142 2776 acutis.
1169 2733 1329 2775 corolla
1352 2733 1479 2774 rosea
1502 2735 1630 2773 extus
1649 2730 1778 2771 linea-

77 2785 154 2827 tim
179 2787 344 2831 hirsuta
369 2790 513 2843 calyce
540 2790 672 2843 duplo
696 2791 905 2845 longiore.
935 2792 1111 2846 capsula
1135 2792 1249 2834 hirta
1283 2797 1343 2839 26.
1377 2791 1433 2834 lc.
1464 2791 1581 2844 Jacq.
1621 2789 1771 2831 Austr.

78 2844 161 2886 tab.
191 2847 287 2889 296.
314 2871 363 2878 ——-
394 2847 526 2891 Rchb.
553 2851 642 2891 tab.
672 2851 771 2892 135.

127 2918 226 2955 Hah.
248 2922 287 2956 in
305 2923 474 2958 collibus
494 2924 604 2959 siccis
623 2924 883 2972 Peloponnesi
911 2925 1063 2971 (Bory),
1086 2926 1223 2961 Attica»
1255 2925 1408 2965 (Boissi
1440 2923 1570 2969 Orph!
1605 2922 1778 2964 HeldrU,

79 2965 201 3002 Cretae
231 2969 375 3015 (Noe!)‚
407 2969 647 3007 Macedoniae
677 2975 714 3008 et
744 2972 921 3009 Thraciae
955 2973 1138 3019 (Griseb.‚
1158 2973 1356 3015 Thirkel).
1389 2971 1583 3007 Anatoliae
1606 2969 1775 3006 borealis
