2065 3271
135 233 278 281 Ajiaeya.
867 245 1062 272 LAmATAE.
1745 242 1816 278 799

133 318 324 361 obovatis
351 319 532 372 integris
560 321 625 362 vel
652 333 801 374 grosse
829 323 1014 364 crenatis
1041 323 1108 365 vel
1145 323 1328 366 dentatis
1362 326 1665 377 glabriusculis
1701 326 1814 368 radi-

132 376 293 419 calibus
323 378 655 429 persistentibus
683 381 887 432 expausis
915 381 955 422 iu
987 382 1188 434 petiolum
1215 381 1336 435 longe
1362 386 1607 437 attenuatis,
1632 386 1811 428 caulinis

132 435 274 489 paucis
307 436 532 478 diminutis
576 439 774 488 remotis,
818 439 1040 481 floralibus
1081 440 1310 482 sessilibus
1355 444 1492 485 ovatis
1533 443 1810 486 inferioribus

130 494 255 535 flores
288 495 609 547 superantibus,
648 497 963 540 verticillastris
1000 499 1217 541 6-8-ssoris
1244 499 1286 540 in
1315 511 1529 542 racemum
1563 504 1807 554 elongatum

130 551 214 593 basi
254 552 545 607 interruptum
586 556 916 608 approximatis,
961 557 1114 611 calycis
1156 558 1321 599 laciniis
1360 559 1604 601 lanceolatis
1644 562 1807 602 villosis

127 610 224 652 tubo
249 612 518 665 aequilongis,
544 615 715 655 corollae
738 615 930 656 caeruleae
958 615 1059 658 tubo
1086 620 1257 658 exserto
1285 620 1411 665 recto,
1435 619 1689 661 staminibus
1710 620 1807 661 bre-

127 668 233 710 viter
255 671 440 712 exsertis
473 678 539 719 26..
560 671 612 713 Ic.
639 672 758 725 Eugl.
787 673 869 715 bot.
892 674 975 716 tab.
1004 676 1103 716 489.
1133 699 1187 703 —
1214 674 1347 716 Relib.
1375 675 1458 716 tab.
1489 677 1554 717 33.

168 741 265 776 Hal».
291 743 329 777 in
378 745 507 779 asouis
528 746 564 779 in
585 746 886 780 australiorilnis
913 750 1101 782 montana
1130 750 1167 782 et
1192 747 1414 815 subalpina,
1449 748 1743 794 Peloponnesus
1766 753 1803 785 in

124 785 330 833 Taygeto(
372 790 500 835 eldr!)‚
533 792 906 837 A1·ca‹‘lisi(Hel‹lr!)‚
937 796 1068 828 monto
1098 794 1264 838 Kyllene
1296 795 1399 830 „500'
1421 795 1594 840 (OrphU,
1626 796 1804 840 Byzantii

121 834 291 880 (Sinin),
322 838 507 873 Anatolia
543 842 620 874 totu
650 839 795 874 borcali
822 840 967 879 (Wied!
1003 840 1181 885 Tchihl),
1215 841 1340 875 Ponto
1372 841 1419 875 ad
1451 841 1736 886 'sraqwzunteni
1768 846 1806 878 et

122 881 283 916 Batouin
315 885 483 927 (Bourgrl
514 886 657 929 Calvi),
689 888 865 921 Caucaso
897 890 934 921 et
956 887 1266 922 Transoaucasia
1297 887 1469 932 (Laden,
1498 889 1659 933 stupri),
1693 900 1801 935 prov.

119 926 287 973 Talysch
312 932 419 974 (CA.
436 933 518 977 M),
541 933 673 968 Persia
690 933 860 968 borealis
878 934 1074 978 (Buhselj.

161 993 220 1028 Ar.
245 994 375 1040 Geoqr.
409 995 570 1042 Europa
600 997 815 1042 prasertim
846 996 1017 1031 borealis
1051 998 1089 1031 et
1112 996 1241 1032 media
1267 996 1315 1031 ab
1348 996 1491 1041 Angliz‘i
1515 999 1554 1031 et
1579 998 1724 1032 Gothia
1755 999 1801 1033 ad

116 1036 293 1076 Rossiain
319 1042 500 1077 mediani.

177 1140 213 1183 2„
248 1141 308 1183 A.
343 1141 706 1187 Genevensis
744 1143 810 1198 (L.
850 1143 922 1197 Sp.
960 1143 1064 1198 785)
1104 1143 1309 1196 perennis
1347 1144 1642 1195 exstolouosa,
1678 1145 1799 1186 caule

115 1199 301 1253 undique
340 1201 506 1252 villoso,
545 1202 656 1244 foliis
691 1202 1095 1255 oblongo-ellipticis
1142 1203 1322 1245 sinuatis
1364 1204 1432 1243 vel
1471 1203 1655 1244 crenatis
1696 1203 1794 1254 plus

112 1257 252 1299 minus
291 1260 472 1302 hirsutis
512 1261 772 1303 radicalibus
808 1261 1021 1315 petiolatis
1061 1261 1145 1303 sub
1181 1261 1346 1303 anthesi
1386 1260 1548 1314 saepius
1587 1261 1794 1312 evanidis‚

109 1314 329 1360 floralibus.
364 1320 557 1361 cuneatis
588 1320 777 1362 dentatis
808 1321 874 1362 vel
909 1320 1076 1362 trilobis
1105 1320 1246 1362 rarius
1280 1320 1462 1371 integris
1493 1319 1794 1372 superioribus

107 1372 234 1417 flores
277 1390 357 1419 non
395 1379 682 1431 aequantibus,
719 1379 1035 1421 verticillastris
1074 1379 1116 1420 in
1151 1378 1310 1430 spicam
1340 1379 1506 1430 longam
1536 1377 1624 1418 basi
1657 1379 1792 1420 inter-

107 1437 274 1488 ruptam
298 1437 622 1490 approximatis,
662 1438 816 1491 calycis
852 1437 1028 1480 lanatuli
1062 1437 1264 1478 dentibus
1299 1437 1545 1479 lanceolatis
1572 1437 1674 1478 tubo
1704 1438 1792 1477 lon-

102 1491 308 1547 gioribus,
336 1497 507 1538 corollae
530 1497 725 1540 caeruleae
749 1497 853 1539 tubo
877 1499 1048 1539 exserto
1074 1500 1203 1547 recto,
1231 1495 1489 1538 staminibus
1511 1496 1695 1559 exsertis
1730 1501 1789 1540 26.

103 1549 154 1594 Ic.
179 1549 296 1605 Eugl.
322 1554 405 1597 bot.
442 1555 524 1597 tab.
549 1556 647 1596 477.
677 1580 727 1586 —
757 1555 887 1598 Rchb.
912 1556 965 1597 Ic.
992 1554 1076 1598 tab.
1104 1555 1174 1596 33.
1204 1577 1259 1584 -
1290 1554 1340 1596 A.
1367 1553 1660 1608 pyramidales
1683 1552 1788 1594 ΜΒ.

103 1609 140 1662 2,
168 1624 203 1664 p.
231 1613 300 1664 32,
325 1626 406 1655 non
435 1613 480 1656 L.

145 1685 243 1721 Hah.
265 1688 305 1722 in
324 1688 562 1724 Macedoniae
579 1689 791 1734 peninsula.
818 1688 1040 1724 Chalcidice
1067 1688 1268 1733 (Griseb.)‚
1294 1698 1417 1734 prope
1440 1687 1587 1722 Bitolia
1614 1687 1738 1733 (Orph
1753 1689 1789 1739 l),

98 1731 281 1769 Armenia
302 1735 476 1771 Kurdica
495 1736 636 1780 (Brant
659 1747 707 1771 ex
726 1737 845 1781 mn),
868 1737 1016 1771 Tauria
1035 1736 1189 1782 (Stev.)‚
1211 1735 1386 1771 Caucaso
1418 1737 1456 1770 et
1478 1734 1787 1769 Transcaucasia

96 1776 285 1827 (Ledeb.),
302 1783 478 1818 Caucaso
504 1783 688 1818 orientali
704 1783 937 1819 4500'-6000'
957 1783 1130 1829 (Ruprl).

139 1843 200 1878 Ar.
218 1844 350 1890 Geogr.
372 1844 533 1892 Europa
551 1846 722 1882 borealis
743 1848 781 1882 et
795 1845 925 1881 media
944 1856 967 1881 a
983 1845 1113 1881 Dania
1127 1847 1165 1880 et
1181 1845 1327 1881 Gothia
1345 1844 1393 1880 ad
1406 1845 1587 1880 Rossiani
1604 1843 1784 1889 inediam,

94 1887 229 1925 China.

149 1980 172 2022 3
221 1981 282 2024 A.
311 1982 706 2038 pyramidalis
737 1983 804 2038 (L.
842 1983 913 2037 Sp.
954 1983 1057 2038 785)
1096 1983 1301 2037 perennis
1334 1982 1622 2033 exstolonosa,
1660 1981 1781 2023 caule

92 2039 282 2093 undique
303 2041 469 2091 villoso,
499 2042 611 2085 foliis
638 2044 734 2096 plus
760 2042 901 2085 miuus
926 2042 1106 2085 hirsutis
1141 2041 1402 2084 radicalibus
1441 2039 1778 2093 persistentibus

91 2099 252 2151 magnis
287 2102 491 2154 expansis
523 2101 718 2144 obovatis
755 2102 947 2144 obsolete
989 2101 1176 2144 crenatis
1216 2101 1281 2142 vel
1316 2100 1514 2153 integris,
1553 2098 1778 2164 floralibus

87 2158 417 2212 oveti-oblongis
445 2172 559 2214 saepe
592 2160 826 2214 purpureis
848 2160 1049 2202 omnibus
1075 2160 1207 2202 flores
1234 2157 1559 2223 superantibus,
1591 2157 1778 2222 verticil-

90 2212 231 2258 tastris
271 2219 471 2261 sexssoris
509 2220 554 2261 in
588 2231 808 2261 racemum
847 2217 1411 2272 tetragono-pyramidatum
1446 2227 1605 2269 saepius
1641 2218 1775 2257 conti-

89 2283 220 2317 nuum
247 2278 575 2330 approximatis,
601 2279 757 2332 calycis
787 2277 966 2320 lanatuli
1000 2277 1202 2319 dentibus
1231 2275 1478 2319 lanceolatis
1512 2274 1614 2317 tubo
1642 2274 1773 2340 duplo

87 2328 372 2388 longioribus,
417 2338 587 2381 corollae
629 2347 774 2392 parvae
823 2336 981 2390 pallide
1032 2337 1228 2378 caeruleae
1271 2335 1373 2378 tubo
1422 2338 1536 2376 recto
1580 2333 1773 2375 brevner

83 2398 268 2441 exserto,
310 2396 541 2438 filamentis
578 2396 764 2439 exsertis
803 2401 864 2444 36.
911 2395 965 2437 Ic.
989 2394 1053 2436 Fl.
1084 2395 1192 2437 Dan.
1221 2397 1247 2436 t.
1278 2395 1373 2436 185.
1411 2392 1529 2445 Engl.
1568 2391 1652 2434 bot.
1686 2390 1769 2433 tab.

89 2447 206 2493 1270.
228 2476 285 2486 —
313 2454 444 2497 Rchb.
471 2455 554 2497 tab.
587 2456 654 2497 33.

126 2523 225 2562 Hab.
248 2529 285 2562 in
304 2525 526 2575 subalpinis
546 2530 713 2565 Caucasi
735 2528 947 2564 Orientalis
964 2527 1069 2564 5500γ
1089 2528 1199 2573 (CA.
1218 2527 1383 2573 Meyer),
1412 2528 1452 2562 in
1479 2527 1610 2560 monte
1632 2523 1768 2558 Haenio

81 2564 256 2609 Thracize
276 2576 452 2620 (Sibtli.).
481 2576 512 2611 E
535 2576 685 2611 ditione
705 2575 882 2611 nonduin
902 2575 995 2611 vidi.

123 2625 156 2660 A
178 2630 488 2673 proecodentibu's
508 2631 615 2666 foliis
634 2630 876 2665 radicalibus
900 2629 1054 2675 amplis,
1076 2629 1280 2665 floralibus
1300 2629 1418 2664 etiam
1435 2627 1630 2679 supremis
1652 2626 1765 2677 ssores

79 2677 367 2723 superantibus,
388 2678 552 2712 floribus
570 2678 778 2712 manifeste
798 2677 1017 2711 minorihus
1041 2676 1235 2712 distincta.
1267 2676 1393 2711 Flora}
1412 2673 1624 2711 Orientalis
1645 2671 1766 2706 dubia

78 2718 173 2755 civis
194 2725 231 2757 et
252 2725 384 2759 forsan
404 2735 493 2759 curn
516 2725 563 2760 A.
585 2723 800 2761 Genevensz'
820 2726 1068 2759 commutata.

120 2786 179 2821 Ar.
200 2787 330 2833 Geoqr.
358 2788 633 2835 Scandinavia‚
660 2789 802 2833 Scotia,
828 2787 962 2834 Alpes,
989 2787 1122 2824 Gallia
1142 2790 1180 2823 et
1196 2787 1410 2823 Germania
1432 2782 1763 2832 septentrionalis,

78 2834 179 2878 regio
200 2835 448 2881 Dauubialis,
474 2837 617 2872 Rossia
634 2835 965 2882 septentrionalis.

131 2933 169 2974 4.
204 2935 267 2977 A.
298 2935 610 2980 bracteosa
635 2936 781 2984 (Wall.
806 2935 860 2991 pl.
885 2935 1018 2978 Asiat.
1045 2947 1130 2977 rar.
1155 2935 1189 2985 I,
1220 2947 1258 2988 p.
1286 2933 1362 2989 29)
1391 2933 1594 2987 perennis
1619 2934 1760 2973 exsto·

71 2987 213 3036 lonosa
250 2996 394 3049 patule
428 2985 857 3050 villoso-canescens,
895 2994 1090 3038 caulibus
1122 2993 1306 3042 diffusis,
1351 2991 1460 3036 foliis
1496 2990 1756 3033 radic-atibus
