2065 3271
112 215 299 254 Szkieritis.
865 223 1065 251 mumma.
1728 219 1796 254 711

113 300 192 342 lete
218 297 452 340 crenulatis
477 297 543 340 vel
570 297 752 350 integris
781 298 1083 351 superioribus
1114 300 1198 340 late
1232 300 1668 347 lineari-lanceolatis,
1700 312 1797 342 ver-

111 357 347 400 ticillastris
389 356 669 398 inferioribus
709 354 969 399 distantibus
1011 358 1178 400 caeteris
1219 359 1260 400 iu
1302 360 1462 412 spicam
1501 360 1790 408 condensatis,

108 416 220 459 foliis
249 415 472 458 floralibus
497 415 834 468 pubescentibus
866 415 1436 459 herbaceo-membranaceis
1469 418 1793 461 subreticulatis

108 487 129 516 a
156 473 243 515 basi
269 474 444 516 dilatata
471 474 594 526 locge
619 473 1122 516 lanceolam-acuminatis
1159 476 1309 517 saltem
1348 476 1625 518 inferioribus
1661 478 1792 520 verti-

106 532 292 575 cillastro
325 532 494 587 2·3-plo
531 532 811 585 longioribus.
843 533 999 586 calycis
1036 533 1243 588 adpresse
1272 535 1546 587 pubescentis
1585 536 1790 578 dentibus

106 591 349 634 lanceolatis
372 591 509 633 acutis
538 591 760 633 trinerviis
798 592 901 634 tubo
927 591 1300 644 subbrevioribus‚
1325 593 1497 635 corollae
1536 594 1662 635 luteae
1689 594 1789 637 tubo

103 650 269 692 incluso
302 656 363 698 26.
405 649 447 692 S.
473 649 657 702 Syre'aca
696 649 806 703 Bory
832 654 874 692 et
898 649 970 692 Ch.
1001 674 1057 681 —-
1082 651 1277 692 Plz-lomt's
1307 651 1583 692 clcmcleste'ua
1607 653 1719 706 Bory
1748 657 1790 694 et

103 708 261 751 Chaub.
286 708 361 750 Ed.
391 709 542 763 prima.
568 720 623 739 -ι-
650 708 689 750 S.
720 708 884 751 Crete'ca
907 708 994 751 Sm.
1020 709 1176 752 Prodr.
1209 710 1239 759 I,
1265 724 1307 764 p.
1338 711 1421 751 400
1449 722 1533 751 uon
1561 710 1606 751 L.

147 781 236 817 Hab
276 782 314 816 in
336 783 487 818 saxosis
512 785 549 818 et
566 781 689 817 alveis
715 769 883 828 region‘is
911 793 955 818 su
988 783 1122 818 erioris
1151 784 1343 818 montium
1363 783 1517 818 Malevo
1536 787 1572 818 et
1589 785 1786 829 Taygetus

100 829 277 864 Laconiae
293 829 450 873 (Heldrl
469 829 587 876 Orph.
606 829 660 864 Fl.
674 830 737 865 Gr.
749 840 827 865 exs.
844 831 935 874 141),
989 830 1080 866 dore
1096 832 1132 865 et
1145 840 1282 876 sapore
1299 831 1522 876 gratissima
1538 831 1612 866 sub
1629 833 1785 866 nornine

104 875 202 912 Tza'c'
223 876 286 911 vel
309 875 421 913 Theoe
442 876 593 913 Graecae
610 877 807 922 colligitur
827 881 864 912 et
880 888 948 923 per
966 880 1085 912 totam
1106 878 1296 913 Graeciam
1317 877 1491 912 mittitur.

154 942 197 996 β.
239 941 436 995 Cyllenea
467 942 574 985 Held
585 956 614 985 r.
657 943 755 986 Mss.
783 967 841 973 —
878 943 1245 985 Flavo-virescens
1265 978 1274 991 .
1314 944 1609 985 verticillastri
1651 944 1783 996 inagis

96 1001 251 1051 dissiti,
290 1001 470 1044 bracteae
508 1003 683 1044 brevius
711 1002 975 1044 acuminatae.
1003 1027 1057 1033 —
1082 1002 1123 1045 S.
1162 1002 1528 1055 Peloponnesiaco
1563 1002 1698 1044 Boiss.
1743 1007 1785 1044 et

96 1059 243 1103 Heldr.
273 1061 424 1115 Diagn.
452 1060 552 1103 Ser.
590 1061 641 1111 ΙΙ,
665 1062 694 1102 4
719 1075 755 1116 p.
785 1063 851 1103 35.

142 1135 238 1172 Hab.
261 1137 300 1171 in
319 1136 476 1182 regione
496 1137 624 1172 media
641 1139 678 1173 et
696 1137 893 1183 superiore
911 1137 1101 1172 montium
1126 1136 1289 1182 Kyllene
1309 1138 1346 1171 et
1363 1135 1507 1171 Olenos
1523 1136 1716 1181 (Heldrl).

138 1198 394 1246 semipedalis
409 1203 445 1235 et
461 1200 626 1246 pedalis,
643 1200 735 1235 folia
753 1200 1086 1246 1¹J2-2-pollicaria
1099 1200 1161 1235 3-4
1176 1201 1299 1236 lineas
1314 1200 1402 1244 lata,
1421 1201 1584 1235 bracteae
1600 1201 1781 1247 pollicem

92 1245 231 1291 longae.
268 1247 406 1282 Affinis
440 1247 481 1284 S.
514 1247 724 1291 Scardicoe,
755 1248 1029 1283 indumentum
1062 1249 1230 1292 tenuius,
1260 1249 1376 1294 spic-ze
1407 1247 1587 1292 laxiores,
1618 1248 1783 1284 bracteae

91 1293 215 1329 multo
235 1293 392 1339 lougius
410 1296 641 1330 acuminatae
669 1305 746 1331 non
773 1295 888 1340 longe
918 1295 1071 1340 cffiatae,
1103 1295 1218 1340 calyx
1250 1295 1433 1341 adpresse
1465 1295 1678 1341 pubescens
1710 1306 1780 1331 nec

90 1339 204 1386 longe
225 1341 416 1377 hirsutus.

147 1446 212 1491 16.
245 1448 296 1492 S.
331 1448 567 1493 Gilloica
600 1448 760 1503 (Boiss.
789 1452 830 1491 et
857 1448 944 1491 Bal.
972 1450 1125 1502 Diagn.
1156 1448 1248 1491 Ser.
1286 1448 1337 1499 II,
1362 1450 1387 1490 4
1413 1462 1450 1502 p.
1476 1449 1548 1503 υ29)
1591 1450 1681 1492 basi
1706 1451 1778 1493 vix

85 1507 284 1550 indurata
319 1508 373 1550 ad
410 1508 506 1550 folia
549 1508 754 1550 inferiora
791 1512 833 1551 et
871 1521 1013 1551 ramos
1053 1509 1225 1552 steriles
1262 1509 1473 1561 adpressc
1509 1511 1775 1552 canescenti·

86 1567 224 1609 lanata
250 1579 440 1621 superne
467 1569 609 1620 patule
631 1567 924 1610 viscido-hirta
944 1568 1114 1619 viridis,
1136 1567 1333 1610 caulibus
1360 1580 1381 1608 a
1406 1568 1496 1609 basi
1519 1568 1771 1611 ascendenti

84 1626 237 1669 erectis
264 1626 534 1679 simplicibus
558 1627 623 1669 vel
651 1626 799 1669 stricte
825 1628 1007 1669 ramosis
1033 1627 1074 1669 iu
1108 1628 1247 1681 spicas
1272 1626 1490 1679 elongatas
1526 1627 1645 1669 laxas
1674 1639 1773 1670 ver-

84 1683 318 1727 ticillastris
340 1685 553 1728 distinctis
582 1688 828 1728 constantes
862 1686 1137 1735 abeuntibus,
1167 1686 1280 1728 foliis
1316 1685 1500 1727 obscure
1532 1687 1772 1729 crenulatis

83 1743 358 1794 inferioribus
377 1744 559 1796 oblongo
577 1747 619 1787 et
643 1743 1110 1798 elliptico-spathulatis
1130 1745 1308 1794 obtusis,
1335 1743 1557 1788 floralibus
1582 1746 1772 1788 tenuiter

82 1803 417 1845 membranaceis
462 1803 699 1846 reticulatis
745 1803 915 1846 flavidis
962 1805 1186 1847 cucullatis
1229 1802 1485 1846 brevissime
1532 1808 1574 1846 et
1616 1804 1770 1847 obtuse

80 1862 331 1904 acuminatis
373 1862 539 1916 calyces
581 1862 902 1915 obtegentibus.
949 1864 1104 1917 calycis
1151 1864 1343 1905 breviter
1387 1861 1769 1915 glanduloso-hirti

80 1920 279 1964 dentibus
304 1921 452 1976 pilosis
487 1921 932 1974 oblongo-linearibus
969 1923 1191 1965 triuerviis
1222 1922 1406 1975 abrupte
1436 1924 1478 1964 et
1507 1922 1765 1965 brevissime

78 1981 339 2023 mucronatis
368 1981 473 2023 tubo
505 1980 950 2034 sesquibrevioribus,
992 1982 1163 2024 corollae
1203 1982 1330 2024 luteae
1369 1980 1470 2022 tubo
1508 1981 1767 2023 brevissime

78 2043 250 2082 exserto
289 2045 324 2087 26
340 2071 349 2081 .

120 2111 217 2148 Hab.
242 2112 281 2148 in
303 2113 439 2149 Cilicia
458 2123 568 2149 secus
588 2113 695 2149 viam
715 2114 814 2149 inter
831 2113 1044 2150 Bouloukli
1066 2117 1104 2149 et
1121 2113 1318 2160 Alladagh
1339 2115 1379 2149 in
1399 2115 1556 2160 regione
1576 2116 1766 2150 montana

75 2158 253 2196 inferiore
272 2160 374 2209 (Bal.
393 2160 498 2206 5042)
528 2160 587 2197 Fl.
603 2161 691 2196 Jun.

120 2222 329 2270 Bipedalis,
357 2225 474 2271 spicae
504 2235 608 2271 saepe
636 2225 803 2272 pedales,
829 2225 921 2261 tolia
950 2225 1181 2261 intermedia
1211 2225 1522 2272 1¹l2-1-pollicem
1552 2225 1671 2270 longa
1702 2225 1766 2259 4-7)

76 2268 201 2306 lineas
239 2270 329 2316 lata,
365 2271 630 2307 verticillastri
661 2273 869 2315 numerosi,
903 2273 1017 2318 calyx
1036 2273 1199 2308 4lineas
1224 2272 1376 2318 longus.
1408 2273 1561 2319 Species
1588 2272 1763 2307 dentium

73 2317 337 2363 calycinorum
356 2321 548 2355 structura
569 2320 668 2355 inter
684 2320 818 2355 affines
835 2320 1013 2366 insignis.

133 2430 193 2472 17.
226 2429 275 2472 S.
309 2428 682 2484 phlomoides
715 2430 870 2484 (Boiss.
902 2435 942 2474 et
971 2432 1056 2474 Bal.
1077 2431 1226 2484 Diagn.
1252 2430 1343 2474 Ser.
1371 2430 1422 2480 Il,
1447 2431 1472 2471 4
1498 2443 1538 2483 p.
1566 2429 1641 2481 33)
1667 2429 1758 2471 basi

69 2488 382 2531 suffrutescens
417 2501 584 2532 ramosa
613 2490 900 2543 procumbens
928 2494 1013 2532 tota
1048 2491 1170 2543 longo.
1195 2494 1238 2533 et
1271 2491 1414 2543 patule
1443 2490 1599 2531 villosa
1627 2489 1758 2530 ssavo-

71 2546 227 2597 virens,
249 2548 445 2590 caulibus
469 2549 625 2591 erectis
659 2548 944 2602 simplicibus,
980 2549 1296 2592 verticillastris
1324 2549 1471 2603 paucis
1501 2548 1625 2590 valde
1667 2548 1757 2589 dis·

68 2606 267 2655 tautibus,
290 2607 399 2649 foliis
423 2607 888 2660 oblongo-spathulatis
912 2608 1078 2651 obtusis
1101 2609 1320 2657 rugulosis
1347 2608 1537 2649 obsoleto
1564 2606 1754 2648 cren-atis

68 2665 323 2709 radicalibus
347 2667 473 2719 longe
500 2667 683 2709 caulinis
702 2666 881 2709 brevius
901 2668 1131 2721 petiolatis,
1160 2667 1383 2709 floralibus
1408 2665 1751 2708 membranaceis

68 2724 300 2767 reticulatis
344 2725 679 2768 ovato-cordatis
723 2726 845 2778 longe
884 2727 1379 2768 attenuato-acuminatis
1415 2725 1580 2778 calyces
1618 2726 1754 2765 multo

66 2784 390 2836 superantibus,
426 2784 581 2837 calycis
616 2784 772 2827 hirsuti
813 2788 855 2827 et
892 2785 1108 2838 glandulis
1147 2786 1315 2838 aspersi
1354 2784 1553 2826 dentibus
1597 2796 1618 2824 a
1662 2782 1754 2823 basi

66 2839 295 2885 lanceolata
324 2843 504 2885 trinervi
533 2843 656 2896 longe
690 2843 904 2886 subulatis
939 2844 1042 2886 tubo
1081 2843 1507 2898 sesquibrevioribus
1543 2842 1748 2883 corollam

65 2898 217 2943 luteam
247 2901 606 2957 subaequantibus
644 2908 700 2949 26.

106 2974 202 3012 Hah.
222 2978 262 3012 in
279 2980 410 3014 monte
430 2978 766 3024 Masmeneudagh
785 2979 1040 3026 Cappadociae
1059 2978 1206 3023 (Ball).
