<?xml version="1.0" encoding="UTF-8"?>
<!DOCTYPE html PUBLIC "-//W3C//DTD XHTML 1.0 Transitional//EN"
    "http://www.w3.org/TR/xhtml1/DTD/xhtml1-transitional.dtd">
<html xmlns="http://www.w3.org/1999/xhtml" xml:lang="en" lang="en">
 <head>
  <title>
</title>
<meta http-equiv="Content-Type" content="text/html;charset=utf-8" />
  <meta name='ocr-system' content='tesseract 3.04.00' />
  <meta name='ocr-capabilities' content='ocr_page ocr_carea ocr_par ocr_line ocrx_word'/>
</head>
<body>
  <div class='ocr_page' id='page_1' title='image "./floraorientaliss04bois/floraorientaliss04bois_0368.png"; bbox 0 0 2100 3262; ppageno 0'>
   <div class='ocr_carea' id='block_1_1' title="bbox 260 224 1980 265">
    <p class='ocr_par' dir='ltr' id='par_1_1' title="bbox 260 224 1980 265">
     <span class='ocr_line' id='line_1_1' title="bbox 260 224 1980 265; baseline 0.002 -5"><span class='ocrx_word' id='word_1_1' title='bbox 260 228 336 265; x_wconf 83' lang='lat'>-360</span> <span class='ocrx_word' id='word_1_2' title='bbox 913 235 1322 262; x_wconf 67' lang='lat' dir='ltr'>SCROPHULARmCEAE.</span> <span class='ocrx_word' id='word_1_3' title='bbox 1842 224 1980 263; x_wconf 77' lang='lat' dir='ltr'>Celsia.</span> 
     </span>
    </p>
   </div>
   <div class='ocr_carea' id='block_1_2' title="bbox 265 303 1979 403">
    <p class='ocr_par' dir='ltr' id='par_1_2' title="bbox 265 303 1979 403">
     <span class='ocr_line' id='line_1_2' title="bbox 314 303 1978 353; baseline -0.002 -9"><span class='ocrx_word' id='word_1_4' title='bbox 314 308 414 344; x_wconf 87' lang='lat' dir='ltr'>Hah.</span> <span class='ocrx_word' id='word_1_5' title='bbox 430 308 469 343; x_wconf 89' lang='lat' dir='ltr'>in</span> <span class='ocrx_word' id='word_1_6' title='bbox 486 307 629 343; x_wconf 88' lang='lat' dir='ltr'>Persiae</span> <span class='ocrx_word' id='word_1_7' title='bbox 647 307 779 341; x_wconf 85' lang='lat' dir='ltr'>monte</span> <span class='ocrx_word' id='word_1_8' title='bbox 799 305 890 349; x_wconf 77' lang='lat' dir='ltr'>Sofi,</span> <span class='ocrx_word' id='word_1_9' title='bbox 909 316 1029 353; x_wconf 83' lang='lat' dir='ltr'>prope</span> <span class='ocrx_word' id='word_1_10' title='bbox 1044 304 1375 353; x_wconf 76' lang='lat' dir='ltr'>Ispahan-(Auen.</span> <span class='ocrx_word' id='word_1_11' title='bbox 1392 303 1501 340; x_wconf 69' lang='lat'><strong>2463!</strong></span> <span class='ocrx_word' id='word_1_12' title='bbox 1522 306 1559 339; x_wconf 88' lang='lat' dir='ltr'>et</span> <span class='ocrx_word' id='word_1_13' title='bbox 1571 303 1666 340; x_wconf 85' lang='lat'>5050</span> <span class='ocrx_word' id='word_1_14' title='bbox 1680 306 1698 347; x_wconf 81' lang='lat' dir='ltr'>l,</span> <span class='ocrx_word' id='word_1_15' title='bbox 1719 304 1978 350; x_wconf 87' lang='lat' dir='ltr'>Derderianl)‚</span> 
     </span>
     <span class='ocr_line' id='line_1_3' title="bbox 265 351 1979 403; baseline -0.002 -11"><span class='ocrx_word' id='word_1_16' title='bbox 265 366 386 403; x_wconf 81' lang='lat' dir='ltr'>prope</span> <span class='ocrx_word' id='word_1_17' title='bbox 417 353 594 391; x_wconf 88' lang='lat' dir='ltr'>Schurab</span> <span class='ocrx_word' id='word_1_18' title='bbox 619 354 725 391; x_wconf 81' lang='lat' dir='ltr'>inter</span> <span class='ocrx_word' id='word_1_19' title='bbox 754 352 922 399; x_wconf 79' lang='lat' dir='ltr'>Ispahan</span> <span class='ocrx_word' id='word_1_20' title='bbox 948 357 985 388; x_wconf 87' lang='lat' dir='ltr'>et</span> <span class='ocrx_word' id='word_1_21' title='bbox 1006 353 1186 389; x_wconf 88' lang='lat' dir='ltr'>Teheran</span> <span class='ocrx_word' id='word_1_22' title='bbox 1218 351 1444 399; x_wconf 84' lang='lat' dir='ltr'>(Haussk!),</span> <span class='ocrx_word' id='word_1_23' title='bbox 1474 352 1572 387; x_wconf 86' lang='lat' dir='ltr'>inter</span> <span class='ocrx_word' id='word_1_24' title='bbox 1603 351 1708 387; x_wconf 87' lang='lat' dir='ltr'>Yezd</span> <span class='ocrx_word' id='word_1_25' title='bbox 1739 353 1776 387; x_wconf 82' lang='lat' dir='ltr'>et</span> <span class='ocrx_word' id='word_1_26' title='bbox 1805 351 1979 399; x_wconf 81' lang='lat' dir='ltr'>Ispahan</span> 
     </span>
    </p>
   </div>
   <div class='ocr_carea' id='block_1_3' title="bbox 265 404 1980 509">
    <p class='ocr_par' dir='ltr' id='par_1_3' title="bbox 265 404 1980 509">
     <span class='ocr_line' id='line_1_4' title="bbox 265 404 415 449; baseline -0.007 -11"><span class='ocrx_word' id='word_1_27' title='bbox 265 404 415 449; x_wconf 74' lang='lat' dir='ltr'>(Egel).</span> 
     </span>
     <span class='ocr_line' id='line_1_5' title="bbox 315 462 1980 509; baseline -0.001 -7"><span class='ocrx_word' id='word_1_28' title='bbox 315 465 482 509; x_wconf 86' lang='lat' dir='ltr'>Pedalis,</span> <span class='ocrx_word' id='word_1_29' title='bbox 501 476 524 501; x_wconf 88' lang='lat' dir='ltr'>a</span> <span class='ocrx_word' id='word_1_30' title='bbox 542 465 628 501; x_wconf 87' lang='lat' dir='ltr'>basi</span> <span class='ocrx_word' id='word_1_31' title='bbox 647 464 857 500; x_wconf 86' lang='lat' dir='ltr'>intricatim</span> <span class='ocrx_word' id='word_1_32' title='bbox 874 465 1146 500; x_wconf 74' lang='lat' dir='ltr'>famosissima</span> <span class='ocrx_word' id='word_1_33' title='bbox 1162 464 1285 500; x_wconf 85' lang='lat' dir='ltr'>ramis</span> <span class='ocrx_word' id='word_1_34' title='bbox 1305 466 1342 500; x_wconf 89' lang='lat' dir='ltr'>et</span> <span class='ocrx_word' id='word_1_35' title='bbox 1358 463 1523 499; x_wconf 89' lang='lat' dir='ltr'>ramulis</span> <span class='ocrx_word' id='word_1_36' title='bbox 1542 463 1739 508; x_wconf 81' lang='lat' dir='ltr'>tenuibus,</span> <span class='ocrx_word' id='word_1_37' title='bbox 1758 462 1854 499; x_wconf 86' lang='lat' dir='ltr'>folia</span> <span class='ocrx_word' id='word_1_38' title='bbox 1877 462 1980 500; x_wconf 85' lang='lat' dir='ltr'>radi-</span> 
     </span>
    </p>
   </div>
   <div class='ocr_carea' id='block_1_4' title="bbox 264 510 1980 597">
    <p class='ocr_par' dir='ltr' id='par_1_4' title="bbox 264 510 1980 597">
     <span class='ocr_line' id='line_1_6' title="bbox 264 510 1980 597; baseline -0.002 -47"><span class='ocrx_word' id='word_1_39' title='bbox 264 514 368 569; x_wconf 75' lang='lat' dir='ltr'>calia</span> <span class='ocrx_word' id='word_1_40' title='bbox 385 512 730 597; x_wconf 53' lang='lat' dir='ltr'>Q-Dgineasblonga</span> <span class='ocrx_word' id='word_1_41' title='bbox 749 512 895 559; x_wconf 90' lang='lat' dir='ltr'>petiolo</span> <span class='ocrx_word' id='word_1_42' title='bbox 915 512 1038 556; x_wconf 88' lang='lat' dir='ltr'>brevi,</span> <span class='ocrx_word' id='word_1_43' title='bbox 1056 512 1204 548; x_wconf 87' lang='lat' dir='ltr'>corolla</span> <span class='ocrx_word' id='word_1_44' title='bbox 1227 512 1250 548; x_wconf 82' lang='lat'><strong>3</strong></span> <span class='ocrx_word' id='word_1_45' title='bbox 1268 511 1392 547; x_wconf 85' lang='lat' dir='ltr'>lineas</span> <span class='ocrx_word' id='word_1_46' title='bbox 1411 511 1529 547; x_wconf 83' lang='lat' dir='ltr'>diam.</span> <span class='ocrx_word' id='word_1_47' title='bbox 1552 510 1647 553; x_wconf 88' lang='lat' dir='ltr'>lata,</span> <span class='ocrx_word' id='word_1_48' title='bbox 1666 510 1830 557; x_wconf 82' lang='lat' dir='ltr'>capsula</span> <span class='ocrx_word' id='word_1_49' title='bbox 1847 520 1980 557; x_wconf 82' lang='lat' dir='ltr'>magn.</span> 
     </span>
     <span class='ocr_line' id='line_1_7' title="bbox 268 569 698 597; baseline -0.005 0"><span class='ocrx_word' id='word_1_50' title='bbox 268 571 434 597; x_wconf 78' lang='lat' dir='ltr'>seminis</span> <span class='ocrx_word' id='word_1_51' title='bbox 486 571 596 596; x_wconf 80' lang='lat' dir='ltr'>anna</span> <span class='ocrx_word' id='word_1_52' title='bbox 622 569 698 596; x_wconf 84' lang='lat' dir='ltr'>eos.</span> 
     </span>
    </p>
   </div>
   <div class='ocr_carea' id='block_1_5' title="bbox 267 668 1982 1378">
    <p class='ocr_par' dir='ltr' id='par_1_5' title="bbox 267 668 1982 1378">
     <span class='ocr_line' id='line_1_8' title="bbox 329 668 1979 725; baseline 0 -13"><span class='ocrx_word' id='word_1_53' title='bbox 329 674 400 714; x_wconf 74' lang='lat'>25.</span> <span class='ocrx_word' id='word_1_54' title='bbox 439 673 492 716; x_wconf 87' lang='lat' dir='ltr'>C.</span> <span class='ocrx_word' id='word_1_55' title='bbox 528 670 786 715; x_wconf 85' lang='lat' dir='ltr'>Aucheri</span> <span class='ocrx_word' id='word_1_56' title='bbox 819 670 979 725; x_wconf 83' lang='lat' dir='ltr'>(Boiss.</span> <span class='ocrx_word' id='word_1_57' title='bbox 1004 672 1158 725; x_wconf 87' lang='lat' dir='ltr'>Diagn.</span> <span class='ocrx_word' id='word_1_58' title='bbox 1185 670 1278 714; x_wconf 88' lang='lat' dir='ltr'>Ser.</span> <span class='ocrx_word' id='word_1_59' title='bbox 1307 671 1325 713; x_wconf 92' lang='lat' dir='ltr'>I</span> <span class='ocrx_word' id='word_1_60' title='bbox 1367 669 1436 721; x_wconf 67' lang='lat'>102,</span> <span class='ocrx_word' id='word_1_61' title='bbox 1469 683 1508 724; x_wconf 87' lang='lat' dir='ltr'>p.</span> <span class='ocrx_word' id='word_1_62' title='bbox 1538 670 1610 718; x_wconf 65' lang='lat'>29)</span> <span class='ocrx_word' id='word_1_63' title='bbox 1636 668 1822 719; x_wconf 89' lang='lat' dir='ltr'>biennis,</span> <span class='ocrx_word' id='word_1_64' title='bbox 1849 669 1979 712; x_wconf 86' lang='lat' dir='ltr'>cauli·</span> 
     </span>
     <span class='ocr_line' id='line_1_9' title="bbox 267 729 1980 784; baseline -0.002 -9"><span class='ocrx_word' id='word_1_65' title='bbox 267 733 349 776; x_wconf 87' lang='lat' dir='ltr'>bus</span> <span class='ocrx_word' id='word_1_66' title='bbox 398 733 488 775; x_wconf 87' lang='lat' dir='ltr'>fere</span> <span class='ocrx_word' id='word_1_67' title='bbox 535 745 556 772; x_wconf 88' lang='lat' dir='ltr'>a</span> <span class='ocrx_word' id='word_1_68' title='bbox 603 734 724 784; x_wconf 79' lang='lat' dir='ltr'>parte</span> <span class='ocrx_word' id='word_1_69' title='bbox 762 730 966 773; x_wconf 89' lang='lat' dir='ltr'>inferiore</span> <span class='ocrx_word' id='word_1_70' title='bbox 1007 731 1257 773; x_wconf 81' lang='lat' dir='ltr'>tomentella</span> <span class='ocrx_word' id='word_1_71' title='bbox 1297 730 1483 772; x_wconf 89' lang='lat' dir='ltr'>ramosis</span> <span class='ocrx_word' id='word_1_72' title='bbox 1527 729 1660 772; x_wconf 89' lang='lat' dir='ltr'>ramis</span> <span class='ocrx_word' id='word_1_73' title='bbox 1703 729 1747 771; x_wconf 90' lang='lat' dir='ltr'>in</span> <span class='ocrx_word' id='word_1_74' title='bbox 1786 740 1980 772; x_wconf 83' lang='lat' dir='ltr'>racemos</span> 
     </span>
     <span class='ocr_line' id='line_1_10' title="bbox 269 787 1980 844; baseline -0.001 -11"><span class='ocrx_word' id='word_1_75' title='bbox 269 792 517 834; x_wconf 83' lang='lat' dir='ltr'>laxissimos</span> <span class='ocrx_word' id='word_1_76' title='bbox 542 791 691 844; x_wconf 89' lang='lat' dir='ltr'>longos</span> <span class='ocrx_word' id='word_1_77' title='bbox 725 789 1017 840; x_wconf 85' lang='lat' dir='ltr'>abeuntibus,</span> <span class='ocrx_word' id='word_1_78' title='bbox 1052 790 1164 832; x_wconf 85' lang='lat' dir='ltr'>foliis</span> <span class='ocrx_word' id='word_1_79' title='bbox 1193 789 1578 832; x_wconf 86' lang='lat' dir='ltr'>cano-tomentosis</span> <span class='ocrx_word' id='word_1_80' title='bbox 1608 787 1873 841; x_wconf 71' lang='lat' dir='ltr'>radicalibus</span> <span class='ocrx_word' id='word_1_81' title='bbox 1907 800 1980 841; x_wconf 86' lang='lat' dir='ltr'>pe-</span> 
     </span>
     <span class='ocr_line' id='line_1_11' title="bbox 269 846 1980 902; baseline -0.002 -10"><span class='ocrx_word' id='word_1_82' title='bbox 269 851 431 894; x_wconf 85' lang='lat' dir='ltr'>tiolatis</span> <span class='ocrx_word' id='word_1_83' title='bbox 455 850 595 893; x_wconf 85' lang='lat' dir='ltr'>ovalis</span> <span class='ocrx_word' id='word_1_84' title='bbox 621 850 687 891; x_wconf 89' lang='lat' dir='ltr'>vel</span> <span class='ocrx_word' id='word_1_85' title='bbox 717 849 912 902; x_wconf 84' lang='lat' dir='ltr'>oblongis</span> <span class='ocrx_word' id='word_1_86' title='bbox 939 849 1328 892; x_wconf 77' lang='lat' dir='ltr'>crenalo-clentatis</span> <span class='ocrx_word' id='word_1_87' title='bbox 1359 849 1422 890; x_wconf 90' lang='lat' dir='ltr'>vel</span> <span class='ocrx_word' id='word_1_88' title='bbox 1451 848 1603 900; x_wconf 84' lang='lat' dir='ltr'>lyratis</span> <span class='ocrx_word' id='word_1_89' title='bbox 1633 847 1799 890; x_wconf 88' lang='lat' dir='ltr'>laciniis</span> <span class='ocrx_word' id='word_1_90' title='bbox 1826 846 1980 889; x_wconf 87' lang='lat' dir='ltr'>latera-</span> 
     </span>
     <span class='ocr_line' id='line_1_12' title="bbox 271 906 1979 963; baseline -0.002 -12"><span class='ocrx_word' id='word_1_91' title='bbox 271 910 384 952; x_wconf 73' lang='lat' dir='ltr'>libus</span> <span class='ocrx_word' id='word_1_92' title='bbox 411 910 617 963; x_wconf 80' lang='lat' dir='ltr'>utrinque</span> <span class='ocrx_word' id='word_1_93' title='bbox 645 910 715 950; x_wconf 56' lang='lat' dir='ltr'>m</span> <span class='ocrx_word' id='word_1_94' title='bbox 746 908 937 950; x_wconf 89' lang='lat' dir='ltr'>minimis</span> <span class='ocrx_word' id='word_1_95' title='bbox 961 909 1112 958; x_wconf 64' lang='lat' dir='ltr'>ovans,</span> <span class='ocrx_word' id='word_1_96' title='bbox 1130 909 1243 952; x_wconf 87' lang='lat' dir='ltr'>foliis</span> <span class='ocrx_word' id='word_1_97' title='bbox 1265 907 1572 962; x_wconf 86' lang='lat' dir='ltr'>superioribus</span> <span class='ocrx_word' id='word_1_98' title='bbox 1589 910 1631 949; x_wconf 87' lang='lat' dir='ltr'>et</span> <span class='ocrx_word' id='word_1_99' title='bbox 1654 906 1817 955; x_wconf 76' lang='lat' dir='ltr'>rameis</span> <span class='ocrx_word' id='word_1_100' title='bbox 1841 906 1979 948; x_wconf 86' lang='lat' dir='ltr'>ovatis</span> 
     </span>
     <span class='ocr_line' id='line_1_13' title="bbox 267 964 1982 1022; baseline -0.002 -11"><span class='ocrx_word' id='word_1_101' title='bbox 267 970 405 1012; x_wconf 81' lang='lat' dir='ltr'>acutis</span> <span class='ocrx_word' id='word_1_102' title='bbox 447 968 724 1012; x_wconf 76' lang='lat' dir='ltr'>denticulatis</span> <span class='ocrx_word' id='word_1_103' title='bbox 760 967 991 1010; x_wconf 81' lang='lat' dir='ltr'>sessilibus</span> <span class='ocrx_word' id='word_1_104' title='bbox 1027 980 1143 1021; x_wconf 70' lang='lat' dir='ltr'>saepe</span> <span class='ocrx_word' id='word_1_105' title='bbox 1179 965 1717 1022; x_wconf 84' lang='lat' dir='ltr'>amplexicauli-cordatis,</span> <span class='ocrx_word' id='word_1_106' title='bbox 1760 964 1982 1019; x_wconf 88' lang='lat' dir='ltr'>pedicellis</span> 
     </span>
     <span class='ocr_line' id='line_1_14' title="bbox 269 1024 1981 1080; baseline -0.002 -11"><span class='ocrx_word' id='word_1_107' title='bbox 269 1029 462 1070; x_wconf 81' lang='lat' dir='ltr'>tenuiter</span> <span class='ocrx_word' id='word_1_108' title='bbox 490 1026 768 1069; x_wconf 85' lang='lat' dir='ltr'>filil&#39;ormibus</span> <span class='ocrx_word' id='word_1_109' title='bbox 798 1027 942 1080; x_wconf 82' lang='lat' dir='ltr'>calyce</span> <span class='ocrx_word' id='word_1_110' title='bbox 972 1028 1137 1080; x_wconf 88' lang='lat' dir='ltr'>pluries</span> <span class='ocrx_word' id='word_1_111' title='bbox 1175 1026 1444 1080; x_wconf 77' lang='lat' dir='ltr'>longioribus</span> <span class='ocrx_word' id='word_1_112' title='bbox 1482 1024 1753 1079; x_wconf 87' lang='lat' dir='ltr'>patentibus,</span> <span class='ocrx_word' id='word_1_113' title='bbox 1794 1024 1981 1067; x_wconf 80' lang='lat' dir='ltr'>bracteis</span> 
     </span>
     <span class='ocr_line' id='line_1_15' title="bbox 270 1083 1980 1139; baseline -0.002 -10"><span class='ocrx_word' id='word_1_114' title='bbox 270 1088 461 1129; x_wconf 89' lang='lat' dir='ltr'>minimis</span> <span class='ocrx_word' id='word_1_115' title='bbox 510 1085 854 1139; x_wconf 78' lang='lat' dir='ltr'>triangularibus</span> <span class='ocrx_word' id='word_1_116' title='bbox 902 1086 1056 1135; x_wconf 85' lang='lat' dir='ltr'>acutis,</span> <span class='ocrx_word' id='word_1_117' title='bbox 1111 1087 1254 1139; x_wconf 84' lang='lat' dir='ltr'>calyce</span> <span class='ocrx_word' id='word_1_118' title='bbox 1304 1085 1456 1129; x_wconf 78' lang='lat' dir='ltr'>crebre</span> <span class='ocrx_word' id='word_1_119' title='bbox 1496 1083 1980 1137; x_wconf 86' lang='lat' dir='ltr'>glanduloso-papillari</span> 
     </span>
     <span class='ocr_line' id='line_1_16' title="bbox 269 1143 1980 1200; baseline -0.002 -12"><span class='ocrx_word' id='word_1_120' title='bbox 269 1148 311 1200; x_wconf 78' lang='lat'>&lt;1</span> <span class='ocrx_word' id='word_1_121' title='bbox 341 1146 389 1199; x_wconf 54' lang='grc' dir='ltr'>Ἄ</span> <span class='ocrx_word' id='word_1_122' title='bbox 428 1146 498 1188; x_wconf 89' lang='lat' dir='ltr'>lin.</span> <span class='ocrx_word' id='word_1_123' title='bbox 532 1145 675 1198; x_wconf 80' lang='lat' dir='ltr'>longo)</span> <span class='ocrx_word' id='word_1_124' title='bbox 714 1146 756 1186; x_wconf 90' lang='lat' dir='ltr'>in</span> <span class='ocrx_word' id='word_1_125' title='bbox 801 1145 975 1187; x_wconf 87' lang='lat' dir='ltr'>lacinias</span> <span class='ocrx_word' id='word_1_126' title='bbox 1006 1146 1213 1199; x_wconf 88' lang='lat' dir='ltr'>oblongas</span> <span class='ocrx_word' id='word_1_127' title='bbox 1249 1149 1397 1188; x_wconf 85' lang='lat' dir='ltr'>acutas</span> <span class='ocrx_word' id='word_1_128' title='bbox 1436 1144 1606 1198; x_wconf 78' lang='lat' dir='ltr'>partito,</span> <span class='ocrx_word' id='word_1_129' title='bbox 1642 1143 1804 1185; x_wconf 81' lang='lat' dir='ltr'>corolla</span> <span class='ocrx_word' id='word_1_130' title='bbox 1844 1144 1980 1198; x_wconf 80' lang='lat' dir='ltr'>parva</span> 
     </span>
     <span class='ocr_line' id='line_1_17' title="bbox 271 1199 1980 1256; baseline -0.002 -9"><span class='ocrx_word' id='word_1_131' title='bbox 271 1206 388 1248; x_wconf 81' lang='lat' dir='ltr'>lutea</span> <span class='ocrx_word' id='word_1_132' title='bbox 413 1209 539 1248; x_wconf 84' lang='lat' dir='ltr'>extus</span> <span class='ocrx_word' id='word_1_133' title='bbox 562 1205 740 1249; x_wconf 74' lang='lat' dir='ltr'>hir-tilla,</span> <span class='ocrx_word' id='word_1_134' title='bbox 770 1204 1002 1247; x_wconf 74' lang='lat' dir='ltr'>illamentis</span> <span class='ocrx_word' id='word_1_135' title='bbox 1026 1199 1211 1247; x_wconf 78' lang='lat' dir='ltr'>sordide‘</span> <span class='ocrx_word' id='word_1_136' title='bbox 1235 1203 1518 1247; x_wconf 87' lang='lat' dir='ltr'>albo-lanatis</span> <span class='ocrx_word' id='word_1_137' title='bbox 1552 1201 1822 1256; x_wconf 81' lang='lat' dir='ltr'>longioribus</span> <span class='ocrx_word' id='word_1_138' title='bbox 1862 1202 1980 1255; x_wconf 87' lang='lat' dir='ltr'>apice</span> 
     </span>
     <span class='ocr_line' id='line_1_18' title="bbox 272 1261 1981 1317; baseline -0.001 -12"><span class='ocrx_word' id='word_1_139' title='bbox 272 1265 415 1315; x_wconf 82' lang='lat' dir='ltr'>nudis,</span> <span class='ocrx_word' id='word_1_140' title='bbox 440 1264 634 1307; x_wconf 86' lang='lat' dir='ltr'>antheris</span> <span class='ocrx_word' id='word_1_141' title='bbox 662 1263 986 1313; x_wconf 66' lang='lat' dir='ltr'>reniffirmibus,</span> <span class='ocrx_word' id='word_1_142' title='bbox 1012 1264 1190 1317; x_wconf 82' lang='lat' dir='ltr'>capsula</span> <span class='ocrx_word' id='word_1_143' title='bbox 1215 1266 1342 1307; x_wconf 84' lang='lat' dir='ltr'>ovata</span> <span class='ocrx_word' id='word_1_144' title='bbox 1376 1265 1630 1305; x_wconf 77' lang='lat' dir='ltr'>mucronata</span> <span class='ocrx_word' id='word_1_145' title='bbox 1669 1263 1812 1315; x_wconf 81' lang='lat' dir='ltr'>calyce</span> <span class='ocrx_word' id='word_1_146' title='bbox 1846 1261 1981 1304; x_wconf 72' lang='lat' dir='ltr'>,tertia</span> 
     </span>
     <span class='ocr_line' id='line_1_19' title="bbox 270 1321 1981 1378; baseline -0.001 -13"><span class='ocrx_word' id='word_1_147' title='bbox 270 1328 395 1377; x_wconf 82' lang='lat' dir='ltr'>parte</span> <span class='ocrx_word' id='word_1_148' title='bbox 421 1323 614 1376; x_wconf 83' lang='lat' dir='ltr'>longiore</span> <span class='ocrx_word' id='word_1_149' title='bbox 639 1323 704 1378; x_wconf 61' lang='grc' dir='ltr'>Θ.</span> <span class='ocrx_word' id='word_1_150' title='bbox 744 1322 785 1365; x_wconf 90' lang='lat' dir='ltr'>C.</span> <span class='ocrx_word' id='word_1_151' title='bbox 810 1322 1021 1364; x_wconf 75' lang='lat' dir='ltr'>intricata</span> <span class='ocrx_word' id='word_1_152' title='bbox 1045 1335 1122 1364; x_wconf 84' lang='lat' dir='ltr'>var</span> <span class='ocrx_word' id='word_1_153' title='bbox 1140 1323 1160 1364; x_wconf 79' lang='lat'>⁶?</span> <span class='ocrx_word' id='word_1_154' title='bbox 1194 1334 1481 1374; x_wconf 73' lang='lat' dir='ltr'>macrocarpa</span> <span class='ocrx_word' id='word_1_155' title='bbox 1512 1322 1605 1364; x_wconf 72' lang='lat' dir='ltr'>ssui.</span> <span class='ocrx_word' id='word_1_156' title='bbox 1633 1321 1676 1363; x_wconf 88' lang='lat' dir='ltr'>in</span> <span class='ocrx_word' id='word_1_157' title='bbox 1712 1334 1794 1364; x_wconf 69' lang='lat' dir='ltr'>nc.</span> <span class='ocrx_word' id='word_1_158' title='bbox 1824 1321 1981 1363; x_wconf 87' lang='lat' dir='ltr'>Prodr.</span> 
     </span>
    </p>
   </div>
   <div class='ocr_carea' id='block_1_6' title="bbox 271 1394 1983 1491">
    <p class='ocr_par' dir='ltr' id='par_1_6' title="bbox 271 1394 1983 1491">
     <span class='ocr_line' id='line_1_20' title="bbox 320 1394 1983 1443; baseline -0.002 -10"><span class='ocrx_word' id='word_1_159' title='bbox 320 1398 420 1433; x_wconf 83' lang='lat' dir='ltr'>Hah.</span> <span class='ocrx_word' id='word_1_160' title='bbox 441 1398 479 1432; x_wconf 92' lang='lat' dir='ltr'>in</span> <span class='ocrx_word' id='word_1_161' title='bbox 499 1397 633 1432; x_wconf 78' lang='lat' dir='ltr'>Persia</span> <span class='ocrx_word' id='word_1_162' title='bbox 650 1407 772 1443; x_wconf 90' lang='lat' dir='ltr'>prope</span> <span class='ocrx_word' id='word_1_163' title='bbox 791 1396 970 1432; x_wconf 86' lang='lat' dir='ltr'>Teheran</span> <span class='ocrx_word' id='word_1_164' title='bbox 990 1396 1131 1435; x_wconf 83' lang='lat' dir='ltr'>(Auch.</span> <span class='ocrx_word' id='word_1_165' title='bbox 1149 1397 1290 1442; x_wconf 69' lang='grc'>50432),</span> <span class='ocrx_word' id='word_1_166' title='bbox 1308 1406 1429 1443; x_wconf 89' lang='lat' dir='ltr'>prope</span> <span class='ocrx_word' id='word_1_167' title='bbox 1444 1396 1622 1432; x_wconf 88' lang='lat' dir='ltr'>Schurab</span> <span class='ocrx_word' id='word_1_168' title='bbox 1641 1395 1837 1440; x_wconf 88' lang='lat' dir='ltr'>(Hausskl</span> <span class='ocrx_word' id='word_1_169' title='bbox 1859 1394 1983 1440; x_wconf 79' lang='lat' dir='ltr'>Egel),</span> 
     </span>
     <span class='ocr_line' id='line_1_21' title="bbox 271 1442 1983 1491; baseline -0.002 -12"><span class='ocrx_word' id='word_1_170' title='bbox 271 1445 324 1480; x_wconf 84' lang='lat' dir='ltr'>ad</span> <span class='ocrx_word' id='word_1_171' title='bbox 342 1445 491 1481; x_wconf 87' lang='lat' dir='ltr'>radices</span> <span class='ocrx_word' id='word_1_172' title='bbox 509 1444 655 1480; x_wconf 89' lang='lat' dir='ltr'>montis</span> <span class='ocrx_word' id='word_1_173' title='bbox 675 1444 819 1479; x_wconf 87' lang='lat' dir='ltr'>Elbrus</span> <span class='ocrx_word' id='word_1_174' title='bbox 835 1454 954 1491; x_wconf 90' lang='lat' dir='ltr'>prope</span> <span class='ocrx_word' id='word_1_175' title='bbox 974 1444 1158 1480; x_wconf 88' lang='lat' dir='ltr'>Derbend</span> <span class='ocrx_word' id='word_1_176' title='bbox 1185 1445 1276 1490; x_wconf 84' lang='lat' dir='ltr'>(Ky.</span> <span class='ocrx_word' id='word_1_177' title='bbox 1297 1444 1413 1489; x_wconf 73' lang='lat'>5811),</span> <span class='ocrx_word' id='word_1_178' title='bbox 1443 1443 1497 1481; x_wconf 81' lang='lat' dir='ltr'>ad</span> <span class='ocrx_word' id='word_1_179' title='bbox 1518 1443 1629 1479; x_wconf 88' lang='lat' dir='ltr'>Hous</span> <span class='ocrx_word' id='word_1_180' title='bbox 1650 1444 1663 1479; x_wconf 96' lang='lat' dir='ltr'>i</span> <span class='ocrx_word' id='word_1_181' title='bbox 1680 1443 1820 1478; x_wconf 79' lang='lat' dir='ltr'>Sultan</span> <span class='ocrx_word' id='word_1_182' title='bbox 1837 1442 1983 1488; x_wconf 84' lang='lat' dir='ltr'>(Bgel).</span> 
     </span>
    </p>
   </div>
   <div class='ocr_carea' id='block_1_7' title="bbox 271 1506 1982 1651">
    <p class='ocr_par' dir='ltr' id='par_1_7' title="bbox 271 1506 1982 1651">
     <span class='ocr_line' id='line_1_22' title="bbox 320 1506 1980 1555; baseline -0.002 -10"><span class='ocrx_word' id='word_1_183' title='bbox 320 1508 630 1555; x_wconf 78' lang='lat' dir='ltr'>Sesquipedalis,</span> <span class='ocrx_word' id='word_1_184' title='bbox 661 1508 755 1544; x_wconf 85' lang='lat' dir='ltr'>folia</span> <span class='ocrx_word' id='word_1_185' title='bbox 781 1507 1131 1555; x_wconf 76' lang='lat' dir='ltr'>sesquipollicaria,</span> <span class='ocrx_word' id='word_1_186' title='bbox 1165 1508 1345 1555; x_wconf 89' lang='lat' dir='ltr'>pedicelli</span> <span class='ocrx_word' id='word_1_187' title='bbox 1376 1507 1559 1554; x_wconf 89' lang='lat' dir='ltr'>pollicem</span> <span class='ocrx_word' id='word_1_188' title='bbox 1590 1510 1628 1543; x_wconf 88' lang='lat' dir='ltr'>et</span> <span class='ocrx_word' id='word_1_189' title='bbox 1653 1506 1825 1554; x_wconf 80' lang='lat' dir='ltr'>amplius</span> <span class='ocrx_word' id='word_1_190' title='bbox 1855 1506 1980 1552; x_wconf 85' lang='lat' dir='ltr'>longi.</span> 
     </span>
     <span class='ocr_line' id='line_1_23' title="bbox 271 1553 1982 1601; baseline -0.002 -9"><span class='ocrx_word' id='word_1_191' title='bbox 271 1557 304 1592; x_wconf 86' lang='lat' dir='ltr'>-A</span> <span class='ocrx_word' id='word_1_192' title='bbox 327 1556 362 1592; x_wconf 87' lang='lat' dir='ltr'>C.</span> <span class='ocrx_word' id='word_1_193' title='bbox 383 1553 574 1592; x_wconf 62' lang='lat' dir='ltr'>intricata*</span> <span class='ocrx_word' id='word_1_194' title='bbox 595 1556 892 1592; x_wconf 86' lang='lat' dir='ltr'>distinctissima</span> <span class='ocrx_word' id='word_1_195' title='bbox 915 1556 1095 1591; x_wconf 83' lang='lat' dir='ltr'>caulibus</span> <span class='ocrx_word' id='word_1_196' title='bbox 1124 1560 1157 1592; x_wconf 86' lang='lat' dir='ltr'>et</span> <span class='ocrx_word' id='word_1_197' title='bbox 1187 1558 1307 1592; x_wconf 85' lang='lat' dir='ltr'>ramis</span> <span class='ocrx_word' id='word_1_198' title='bbox 1332 1556 1482 1592; x_wconf 77' lang='lat' dir='ltr'>interne</span> <span class='ocrx_word' id='word_1_199' title='bbox 1503 1555 1664 1599; x_wconf 77' lang='lat' dir='ltr'>sonatis,</span> <span class='ocrx_word' id='word_1_200' title='bbox 1686 1554 1847 1601; x_wconf 79' lang='lat' dir='ltr'>capsula</span> <span class='ocrx_word' id='word_1_201' title='bbox 1865 1554 1982 1601; x_wconf 85' lang='lat' dir='ltr'>triplo</span> 
     </span>
     <span class='ocr_line' id='line_1_24' title="bbox 272 1604 868 1651; baseline -0.002 -12"><span class='ocrx_word' id='word_1_202' title='bbox 272 1605 419 1650; x_wconf 82' lang='lat' dir='ltr'>majore</span> <span class='ocrx_word' id='word_1_203' title='bbox 440 1604 572 1651; x_wconf 87' lang='lat' dir='ltr'>pisum</span> <span class='ocrx_word' id='word_1_204' title='bbox 594 1607 787 1650; x_wconf 79' lang='lat' dir='ltr'>aequante,</span> <span class='ocrx_word' id='word_1_205' title='bbox 810 1607 868 1639; x_wconf 91' lang='lat' dir='ltr'>etc</span> 
     </span>
    </p>
   </div>
   <div class='ocr_carea' id='block_1_8' title="bbox 272 1711 1988 2523">
    <p class='ocr_par' dir='ltr' id='par_1_8' title="bbox 272 1711 1988 2361">
     <span class='ocr_line' id='line_1_25' title="bbox 335 1711 1985 1770; baseline -0.002 -14"><span class='ocrx_word' id='word_1_206' title='bbox 335 1715 403 1756; x_wconf 70' lang='lat'>26.</span> <span class='ocrx_word' id='word_1_207' title='bbox 439 1713 493 1758; x_wconf 86' lang='lat' dir='ltr'>C..</span> <span class='ocrx_word' id='word_1_208' title='bbox 528 1713 852 1757; x_wconf 78' lang='lat' dir='ltr'>orientalis</span> <span class='ocrx_word' id='word_1_209' title='bbox 886 1714 953 1770; x_wconf 82' lang='lat' dir='ltr'>(L.</span> <span class='ocrx_word' id='word_1_210' title='bbox 980 1713 1051 1767; x_wconf 87' lang='lat' dir='ltr'>Sp.</span> <span class='ocrx_word' id='word_1_211' title='bbox 1076 1727 1117 1769; x_wconf 90' lang='lat' dir='ltr'>p.</span> <span class='ocrx_word' id='word_1_212' title='bbox 1141 1714 1246 1768; x_wconf 82' lang='lat'>866)</span> <span class='ocrx_word' id='word_1_213' title='bbox 1273 1726 1430 1764; x_wconf 85' lang='lat' dir='ltr'>annua,</span> <span class='ocrx_word' id='word_1_214' title='bbox 1461 1712 1627 1755; x_wconf 86' lang='lat' dir='ltr'>minute</span> <span class='ocrx_word' id='word_1_215' title='bbox 1649 1711 1898 1757; x_wconf 82' lang='lat' dir='ltr'>tomentella</span> <span class='ocrx_word' id='word_1_216' title='bbox 1924 1711 1985 1753; x_wconf 87' lang='lat' dir='ltr'>vi-</span> 
     </span>
     <span class='ocr_line' id='line_1_26' title="bbox 275 1771 1982 1827; baseline -0.001 -12"><span class='ocrx_word' id='word_1_217' title='bbox 275 1773 396 1825; x_wconf 72' lang='lat' dir='ltr'>ridis,</span> <span class='ocrx_word' id='word_1_218' title='bbox 422 1773 542 1815; x_wconf 89' lang='lat' dir='ltr'>caule</span> <span class='ocrx_word' id='word_1_219' title='bbox 567 1772 719 1815; x_wconf 90' lang='lat' dir='ltr'>crebre</span> <span class='ocrx_word' id='word_1_220' title='bbox 753 1774 903 1816; x_wconf 87' lang='lat' dir='ltr'>folioso</span> <span class='ocrx_word' id='word_1_221' title='bbox 932 1773 1079 1827; x_wconf 81' lang='lat' dir='ltr'>gracili</span> <span class='ocrx_word' id='word_1_222' title='bbox 1106 1773 1290 1826; x_wconf 85' lang='lat' dir='ltr'>simplici</span> <span class='ocrx_word' id='word_1_223' title='bbox 1326 1774 1393 1814; x_wconf 86' lang='lat' dir='ltr'>vel</span> <span class='ocrx_word' id='word_1_224' title='bbox 1430 1783 1622 1825; x_wconf 87' lang='lat' dir='ltr'>superne</span> <span class='ocrx_word' id='word_1_225' title='bbox 1652 1783 1781 1826; x_wconf 90' lang='lat' dir='ltr'>parce</span> <span class='ocrx_word' id='word_1_226' title='bbox 1811 1771 1982 1824; x_wconf 90' lang='lat' dir='ltr'>panicu-</span> 
     </span>
     <span class='ocr_line' id='line_1_27' title="bbox 274 1830 1983 1884; baseline -0.001 -10"><span class='ocrx_word' id='word_1_227' title='bbox 274 1833 579 1883; x_wconf 86' lang='lat' dir='ltr'>lato-ramoso‚</span> <span class='ocrx_word' id='word_1_228' title='bbox 630 1832 741 1874; x_wconf 87' lang='lat' dir='ltr'>foliis</span> <span class='ocrx_word' id='word_1_229' title='bbox 785 1833 947 1875; x_wconf 82' lang='lat' dir='ltr'>ambitu</span> <span class='ocrx_word' id='word_1_230' title='bbox 997 1832 1344 1884; x_wconf 78' lang='lat' dir='ltr'>ovato-oblongis</span> <span class='ocrx_word' id='word_1_231' title='bbox 1389 1832 1431 1874; x_wconf 91' lang='lat' dir='ltr'>in</span> <span class='ocrx_word' id='word_1_232' title='bbox 1479 1831 1654 1873; x_wconf 90' lang='lat' dir='ltr'>lacinias</span> <span class='ocrx_word' id='word_1_233' title='bbox 1703 1830 1983 1883; x_wconf 84' lang='lat' dir='ltr'>divergentes</span> 
     </span>
     <span class='ocr_line' id='line_1_28' title="bbox 272 1889 1980 1946; baseline -0.001 -12"><span class='ocrx_word' id='word_1_234' title='bbox 272 1891 616 1945; x_wconf 81' lang='lat' dir='ltr'>bipinnatisectis</span> <span class='ocrx_word' id='word_1_235' title='bbox 644 1892 923 1934; x_wconf 83' lang='lat' dir='ltr'>inferioribus</span> <span class='ocrx_word' id='word_1_236' title='bbox 952 1892 1166 1946; x_wconf 87' lang='lat' dir='ltr'>petiolatis</span> <span class='ocrx_word' id='word_1_237' title='bbox 1189 1892 1425 1944; x_wconf 78' lang='lat' dir='ltr'>segmentis</span> <span class='ocrx_word' id='word_1_238' title='bbox 1451 1890 1649 1943; x_wconf 84' lang='lat' dir='ltr'>oblongis</span> <span class='ocrx_word' id='word_1_239' title='bbox 1674 1889 1980 1943; x_wconf 89' lang='lat' dir='ltr'>superioribus</span> 
     </span>
     <span class='ocr_line' id='line_1_29' title="bbox 274 1948 1988 2003; baseline -0.001 -11"><span class='ocrx_word' id='word_1_240' title='bbox 274 1951 505 1993; x_wconf 88' lang='lat' dir='ltr'>sessilibus</span> <span class='ocrx_word' id='word_1_241' title='bbox 538 1951 703 1992; x_wconf 84' lang='lat' dir='ltr'>laciniis</span> <span class='ocrx_word' id='word_1_242' title='bbox 742 1956 925 2003; x_wconf 76' lang='lat' dir='ltr'>anguste</span> <span class='ocrx_word' id='word_1_243' title='bbox 964 1951 1216 2003; x_wconf 77' lang='lat' dir='ltr'>linearibus,</span> <span class='ocrx_word' id='word_1_244' title='bbox 1246 1950 1430 1993; x_wconf 85' lang='lat' dir='ltr'>floribus</span> <span class='ocrx_word' id='word_1_245' title='bbox 1466 1949 1675 2003; x_wconf 84' lang='lat' dir='ltr'>pedicello</span> <span class='ocrx_word' id='word_1_246' title='bbox 1712 1949 1855 2002; x_wconf 86' lang='lat' dir='ltr'>calyce</span> <span class='ocrx_word' id='word_1_247' title='bbox 1891 1948 1988 1990; x_wconf 89' lang='lat' dir='ltr'>bre-</span> 
     </span>
     <span class='ocr_line' id='line_1_30' title="bbox 277 2008 1986 2064; baseline -0.001 -14"><span class='ocrx_word' id='word_1_248' title='bbox 277 2011 383 2052; x_wconf 85' lang='lat' dir='ltr'>viori</span> <span class='ocrx_word' id='word_1_249' title='bbox 414 2009 607 2053; x_wconf 82' lang='lat' dir='ltr'>suffultis</span> <span class='ocrx_word' id='word_1_250' title='bbox 644 2010 893 2063; x_wconf 76' lang='lat' dir='ltr'>long1ssime</span> <span class='ocrx_word' id='word_1_251' title='bbox 923 2015 964 2052; x_wconf 86' lang='lat' dir='ltr'>et</span> <span class='ocrx_word' id='word_1_252' title='bbox 1003 2011 1097 2052; x_wconf 87' lang='lat' dir='ltr'>laxe</span> <span class='ocrx_word' id='word_1_253' title='bbox 1130 2010 1322 2064; x_wconf 83' lang='lat' dir='ltr'>spicatis,</span> <span class='ocrx_word' id='word_1_254' title='bbox 1360 2009 1545 2052; x_wconf 82' lang='lat' dir='ltr'>bracteis</span> <span class='ocrx_word' id='word_1_255' title='bbox 1578 2008 1863 2051; x_wconf 86' lang='lat' dir='ltr'>inferioribus</span> <span class='ocrx_word' id='word_1_256' title='bbox 1892 2009 1986 2060; x_wconf 84' lang='lat' dir='ltr'>pin·</span> 
     </span>
     <span class='ocr_line' id='line_1_31' title="bbox 275 2067 1982 2123; baseline -0.001 -12"><span class='ocrx_word' id='word_1_257' title='bbox 275 2069 496 2112; x_wconf 87' lang='lat' dir='ltr'>natisectis</span> <span class='ocrx_word' id='word_1_258' title='bbox 520 2070 688 2112; x_wconf 76' lang='lat' dir='ltr'>caeteris</span> <span class='ocrx_word' id='word_1_259' title='bbox 712 2069 1167 2123; x_wconf 86' lang='lat' dir='ltr'>oblongo-lanceolatis</span> <span class='ocrx_word' id='word_1_260' title='bbox 1193 2070 1331 2111; x_wconf 86' lang='lat' dir='ltr'>acutis</span> <span class='ocrx_word' id='word_1_261' title='bbox 1358 2070 1502 2123; x_wconf 86' lang='lat' dir='ltr'>calyce</span> <span class='ocrx_word' id='word_1_262' title='bbox 1530 2067 1815 2121; x_wconf 88' lang='lat' dir='ltr'>longioribus,</span> <span class='ocrx_word' id='word_1_263' title='bbox 1839 2067 1982 2121; x_wconf 88' lang='lat' dir='ltr'>calyce</span> 
     </span>
     <span class='ocr_line' id='line_1_32' title="bbox 272 2127 1985 2183; baseline -0.002 -12"><span class='ocrx_word' id='word_1_264' title='bbox 272 2129 524 2171; x_wconf 78' lang='lat' dir='ltr'>tomentello</span> <span class='ocrx_word' id='word_1_265' title='bbox 558 2127 676 2183; x_wconf 69' lang='lat' dir='ltr'><em>(21s2</em></span> <span class='ocrx_word' id='word_1_266' title='bbox 708 2128 779 2170; x_wconf 92' lang='lat' dir='ltr'>lin.</span> <span class='ocrx_word' id='word_1_267' title='bbox 815 2129 959 2182; x_wconf 74' lang='lat' dir='ltr'>longo)</span> <span class='ocrx_word' id='word_1_268' title='bbox 995 2130 1036 2171; x_wconf 88' lang='lat' dir='ltr'>in</span> <span class='ocrx_word' id='word_1_269' title='bbox 1079 2129 1254 2172; x_wconf 87' lang='lat' dir='ltr'>lacinias</span> <span class='ocrx_word' id='word_1_270' title='bbox 1292 2129 1551 2172; x_wconf 59' lang='lat' dir='ltr'>lanceola‘tas</span> <span class='ocrx_word' id='word_1_271' title='bbox 1585 2131 1733 2169; x_wconf 83' lang='lat' dir='ltr'>acutas</span> <span class='ocrx_word' id='word_1_272' title='bbox 1761 2127 1881 2176; x_wconf 73' lang='lat' dir='ltr'>fisso,</span> <span class='ocrx_word' id='word_1_273' title='bbox 1917 2138 1985 2169; x_wconf 88' lang='lat' dir='ltr'>co-</span> 
     </span>
     <span class='ocr_line' id='line_1_33' title="bbox 275 2185 1985 2241; baseline -0.001 -13"><span class='ocrx_word' id='word_1_274' title='bbox 275 2188 383 2230; x_wconf 82' lang='lat' dir='ltr'>rolla</span> <span class='ocrx_word' id='word_1_275' title='bbox 411 2187 526 2230; x_wconf 81' lang='lat' dir='ltr'>lutea</span> <span class='ocrx_word' id='word_1_276' title='bbox 555 2188 717 2241; x_wconf 83' lang='lat' dir='ltr'>glabra,</span> <span class='ocrx_word' id='word_1_277' title='bbox 750 2188 980 2231; x_wconf 86' lang='lat' dir='ltr'>lilamentis</span> <span class='ocrx_word' id='word_1_278' title='bbox 1012 2187 1396 2231; x_wconf 82' lang='lat' dir='ltr'>flavido-barbatis</span> <span class='ocrx_word' id='word_1_279' title='bbox 1432 2187 1625 2230; x_wconf 75' lang='lat' dir='ltr'>antheris</span> <span class='ocrx_word' id='word_1_280' title='bbox 1659 2185 1985 2236; x_wconf 78' lang='lat' dir='ltr'>reniformibus,</span> 
     </span>
     <span class='ocr_line' id='line_1_34' title="bbox 272 2244 1986 2302; baseline -0.001 -14"><span class='ocrx_word' id='word_1_281' title='bbox 272 2247 452 2302; x_wconf 80' lang='lat' dir='ltr'>capsula</span> <span class='ocrx_word' id='word_1_282' title='bbox 488 2247 720 2290; x_wconf 89' lang='lat' dir='ltr'>subsessili</span> <span class='ocrx_word' id='word_1_283' title='bbox 756 2248 906 2290; x_wconf 79' lang='lat' dir='ltr'>stricta</span> <span class='ocrx_word' id='word_1_284' title='bbox 943 2250 1068 2291; x_wconf 78' lang='lat' dir='ltr'>ovata</span> <span class='ocrx_word' id='word_1_285' title='bbox 1102 2247 1260 2301; x_wconf 89' lang='lat' dir='ltr'>calycis</span> <span class='ocrx_word' id='word_1_286' title='bbox 1302 2247 1469 2290; x_wconf 86' lang='lat' dir='ltr'>laciniis</span> <span class='ocrx_word' id='word_1_287' title='bbox 1507 2245 1797 2288; x_wconf 87' lang='lat' dir='ltr'>subbreviore</span> <span class='ocrx_word' id='word_1_288' title='bbox 1827 2249 1891 2296; x_wconf 72' lang='grc' dir='ltr'>Θ.</span> <span class='ocrx_word' id='word_1_289' title='bbox 1931 2244 1986 2286; x_wconf 91' lang='lat' dir='ltr'>Ic.</span> 
     </span>
     <span class='ocr_line' id='line_1_35' title="bbox 274 2303 1808 2361; baseline -0.001 -14"><span class='ocrx_word' id='word_1_290' title='bbox 274 2306 397 2348; x_wconf 85' lang='lat' dir='ltr'>Hort.</span> <span class='ocrx_word' id='word_1_291' title='bbox 428 2305 535 2361; x_wconf 93' lang='lat' dir='ltr'>Ups.</span> <span class='ocrx_word' id='word_1_292' title='bbox 562 2307 644 2350; x_wconf 87' lang='lat' dir='ltr'>tab.</span> <span class='ocrx_word' id='word_1_293' title='bbox 675 2308 713 2348; x_wconf 70' lang='lat'>2.</span> <span class='ocrx_word' id='word_1_294' title='bbox 733 2330 790 2336; x_wconf 81' lang='lat'>—</span> <span class='ocrx_word' id='word_1_295' title='bbox 809 2306 866 2348; x_wconf 87' lang='lat' dir='ltr'>Fl.</span> <span class='ocrx_word' id='word_1_296' title='bbox 890 2305 1026 2349; x_wconf 80' lang='lat' dir='ltr'>Graec.</span> <span class='ocrx_word' id='word_1_297' title='bbox 1056 2306 1140 2349; x_wconf 87' lang='lat' dir='ltr'>tab.</span> <span class='ocrx_word' id='word_1_298' title='bbox 1165 2304 1264 2349; x_wconf 81' lang='lat'>605.</span> <span class='ocrx_word' id='word_1_299' title='bbox 1307 2331 1344 2336; x_wconf 87' lang='lat'>-</span> <span class='ocrx_word' id='word_1_300' title='bbox 1368 2306 1500 2349; x_wconf 78' lang='lat' dir='ltr'>Rclib.</span> <span class='ocrx_word' id='word_1_301' title='bbox 1527 2305 1591 2347; x_wconf 91' lang='lat' dir='ltr'>Ic.</span> <span class='ocrx_word' id='word_1_302' title='bbox 1625 2306 1708 2348; x_wconf 82' lang='lat' dir='ltr'>tab.</span> <span class='ocrx_word' id='word_1_303' title='bbox 1737 2303 1808 2346; x_wconf 82' lang='lat'>50.</span> 
     </span>
    </p>

    <p class='ocr_par' dir='ltr' id='par_1_9' title="bbox 274 2379 1987 2523">
     <span class='ocr_line' id='line_1_36' title="bbox 323 2379 1985 2428; baseline -0.001 -12"><span class='ocrx_word' id='word_1_304' title='bbox 323 2381 421 2416; x_wconf 85' lang='lat' dir='ltr'>Hah.</span> <span class='ocrx_word' id='word_1_305' title='bbox 437 2381 476 2417; x_wconf 87' lang='lat' dir='ltr'>in</span> <span class='ocrx_word' id='word_1_306' title='bbox 491 2382 659 2418; x_wconf 90' lang='lat' dir='ltr'>collibus</span> <span class='ocrx_word' id='word_1_307' title='bbox 679 2382 850 2428; x_wconf 88' lang='lat' dir='ltr'>regionis</span> <span class='ocrx_word' id='word_1_308' title='bbox 866 2382 1071 2425; x_wconf 77' lang='lat' dir='ltr'>inferioris,</span> <span class='ocrx_word' id='word_1_309' title='bbox 1083 2382 1379 2428; x_wconf 88' lang='lat' dir='ltr'>Peloponnesus</span> <span class='ocrx_word' id='word_1_310' title='bbox 1394 2382 1434 2417; x_wconf 92' lang='lat' dir='ltr'>in</span> <span class='ocrx_word' id='word_1_311' title='bbox 1449 2380 1635 2427; x_wconf 85' lang='lat' dir='ltr'>Argolide</span> <span class='ocrx_word' id='word_1_312' title='bbox 1651 2381 1779 2425; x_wconf 84' lang='lat' dir='ltr'>(Sibth</span> <span class='ocrx_word' id='word_1_313' title='bbox 1791 2382 1798 2416; x_wconf 87' lang='lat' dir='ltr'>l</span> <span class='ocrx_word' id='word_1_314' title='bbox 1811 2379 1985 2426; x_wconf 84' lang='lat' dir='ltr'>Sprunl)‚</span> 
     </span>
     <span class='ocr_line' id='line_1_37' title="bbox 275 2427 1987 2475; baseline -0.001 -12"><span class='ocrx_word' id='word_1_315' title='bbox 275 2427 503 2468; x_wconf 85' lang='lat' dir='ltr'>Macedonia</span> <span class='ocrx_word' id='word_1_316' title='bbox 521 2432 558 2465; x_wconf 88' lang='lat' dir='ltr'>et</span> <span class='ocrx_word' id='word_1_317' title='bbox 575 2429 766 2475; x_wconf 83' lang='lat' dir='ltr'>Bithynia</span> <span class='ocrx_word' id='word_1_318' title='bbox 785 2430 962 2473; x_wconf 84' lang='lat' dir='ltr'>(Grisebl</span> <span class='ocrx_word' id='word_1_319' title='bbox 981 2429 1120 2475; x_wconf 69' lang='lat' dir='ltr'>Frivt),</span> <span class='ocrx_word' id='word_1_320' title='bbox 1146 2428 1418 2475; x_wconf 83' lang='lat' dir='ltr'>Paphlagonia</span> <span class='ocrx_word' id='word_1_321' title='bbox 1437 2432 1473 2465; x_wconf 87' lang='lat' dir='ltr'>et</span> <span class='ocrx_word' id='word_1_322' title='bbox 1492 2428 1649 2465; x_wconf 83' lang='lat' dir='ltr'>Galatia</span> <span class='ocrx_word' id='word_1_323' title='bbox 1668 2427 1846 2472; x_wconf 67' lang='lat' dir='ltr'>(Wlfflin,</span> <span class='ocrx_word' id='word_1_324' title='bbox 1867 2427 1987 2472; x_wconf 86' lang='lat' dir='ltr'>Lycia</span> 
     </span>
     <span class='ocr_line' id='line_1_38' title="bbox 274 2469 1987 2523; baseline -0.002 -12"><span class='ocrx_word' id='word_1_325' title='bbox 274 2469 471 2522; x_wconf 53' lang='lat' dir='ltr'>(Bourglfi,</span> <span class='ocrx_word' id='word_1_326' title='bbox 490 2477 731 2523; x_wconf 79' lang='lat' dir='ltr'>Pamphylia</span> <span class='ocrx_word' id='word_1_327' title='bbox 745 2476 932 2521; x_wconf 65' lang='lat' dir='ltr'>(Helm-t),</span> <span class='ocrx_word' id='word_1_328' title='bbox 953 2476 1067 2520; x_wconf 86' lang='lat' dir='ltr'>Syria</span> <span class='ocrx_word' id='word_1_329' title='bbox 1087 2477 1286 2513; x_wconf 84' lang='lat' dir='ltr'>maritima</span> <span class='ocrx_word' id='word_1_330' title='bbox 1308 2487 1432 2523; x_wconf 83' lang='lat' dir='ltr'>usque</span> <span class='ocrx_word' id='word_1_331' title='bbox 1456 2476 1505 2512; x_wconf 87' lang='lat' dir='ltr'>ad</span> <span class='ocrx_word' id='word_1_332' title='bbox 1526 2476 1726 2521; x_wconf 87' lang='lat' dir='ltr'>regionem</span> <span class='ocrx_word' id='word_1_333' title='bbox 1756 2477 1987 2509; x_wconf 83' lang='lat' dir='ltr'>montanam</span> 
     </span>
    </p>
   </div>
   <div class='ocr_carea' id='block_1_9' title="bbox 274 2519 1988 2617">
    <p class='ocr_par' dir='ltr' id='par_1_10' title="bbox 274 2519 1988 2617">
     <span class='ocr_line' id='line_1_39' title="bbox 276 2519 1988 2570; baseline -0.001 -13"><span class='ocrx_word' id='word_1_334' title='bbox 276 2519 419 2558; x_wconf 82' lang='lat' dir='ltr'>Libani</span> <span class='ocrx_word' id='word_1_335' title='bbox 445 2524 522 2569; x_wconf 79' lang='grc' dir='ltr'>(ΒΗ</span> <span class='ocrx_word' id='word_1_336' title='bbox 550 2524 698 2568; x_wconf 69' lang='lat' dir='ltr'>Gauii),</span> <span class='ocrx_word' id='word_1_337' title='bbox 732 2524 927 2560; x_wconf 77' lang='lat' dir='ltr'>Palestina</span> <span class='ocrx_word' id='word_1_338' title='bbox 950 2524 1126 2569; x_wconf 72' lang='lat' dir='ltr'>(Boiss!)7</span> <span class='ocrx_word' id='word_1_339' title='bbox 1158 2524 1446 2570; x_wconf 75' lang='lat' dir='ltr'>Mesopotamia</span> <span class='ocrx_word' id='word_1_340' title='bbox 1473 2523 1703 2568; x_wconf 79' lang='lat' dir='ltr'>(Hausskl),</span> <span class='ocrx_word' id='word_1_341' title='bbox 1734 2521 1988 2558; x_wconf 79' lang='lat' dir='ltr'>Kurdistania</span> 
     </span>
     <span class='ocr_line' id='line_1_40' title="bbox 274 2569 1702 2617; baseline -0.001 -12"><span class='ocrx_word' id='word_1_342' title='bbox 274 2569 430 2607; x_wconf 78' lang='lat' dir='ltr'>Persica</span> <span class='ocrx_word' id='word_1_343' title='bbox 449 2572 549 2615; x_wconf 81' lang='lat' dir='ltr'>(Noe&#39;</span> <span class='ocrx_word' id='word_1_344' title='bbox 569 2572 711 2617; x_wconf 75' lang='lat' dir='ltr'>1199t),</span> <span class='ocrx_word' id='word_1_345' title='bbox 730 2572 877 2607; x_wconf 79' lang='lat' dir='ltr'>Tauria</span> <span class='ocrx_word' id='word_1_346' title='bbox 895 2571 1048 2616; x_wconf 61' lang='grc' dir='ltr'>(ΜΒΝ,</span> <span class='ocrx_word' id='word_1_347' title='bbox 1070 2572 1381 2607; x_wconf 80' lang='lat' dir='ltr'>Transcaucasia</span> <span class='ocrx_word' id='word_1_348' title='bbox 1399 2571 1527 2616; x_wconf 82' lang='lat' dir='ltr'>(Hohl</span> <span class='ocrx_word' id='word_1_349' title='bbox 1547 2571 1702 2617; x_wconf 86' lang='lat' dir='ltr'>Rnprl).</span> 
     </span>
    </p>
   </div>
   <div class='ocr_carea' id='block_1_10' title="bbox 322 2636 778 2682">
    <p class='ocr_par' dir='ltr' id='par_1_11' title="bbox 322 2636 778 2682">
     <span class='ocr_line' id='line_1_41' title="bbox 322 2636 778 2682; baseline 0 -12"><span class='ocrx_word' id='word_1_350' title='bbox 322 2636 385 2672; x_wconf 89' lang='lat' dir='ltr'>Ar.</span> <span class='ocrx_word' id='word_1_351' title='bbox 409 2636 544 2682; x_wconf 74' lang='lat' dir='ltr'>Geoqr.</span> <span class='ocrx_word' id='word_1_352' title='bbox 566 2636 778 2671; x_wconf 76' lang='lat' dir='ltr'>Dalmatia.</span> 
     </span>
    </p>
   </div>
   <div class='ocr_carea' id='block_1_11' title="bbox 276 2740 1990 3032">
    <p class='ocr_par' dir='ltr' id='par_1_12' title="bbox 276 2740 1990 3032">
     <span class='ocr_line' id='line_1_42' title="bbox 337 2740 1988 2798; baseline 0 -15"><span class='ocrx_word' id='word_1_353' title='bbox 337 2743 406 2783; x_wconf 62' lang='lat'>227.</span> <span class='ocrx_word' id='word_1_354' title='bbox 442 2742 499 2786; x_wconf 85' lang='lat' dir='ltr'>C.</span> <span class='ocrx_word' id='word_1_355' title='bbox 536 2742 976 2798; x_wconf 80' lang='lat' dir='ltr'>brachysepala</span> <span class='ocrx_word' id='word_1_356' title='bbox 1013 2741 1076 2798; x_wconf 82' lang='lat' dir='ltr'>(F.</span> <span class='ocrx_word' id='word_1_357' title='bbox 1104 2746 1146 2784; x_wconf 88' lang='lat' dir='ltr'>et</span> <span class='ocrx_word' id='word_1_358' title='bbox 1173 2742 1355 2785; x_wconf 87' lang='lat' dir='ltr'>Trautv.</span> <span class='ocrx_word' id='word_1_359' title='bbox 1395 2741 1488 2784; x_wconf 90' lang='lat' dir='ltr'>Ind.</span> <span class='ocrx_word' id='word_1_360' title='bbox 1525 2742 1699 2794; x_wconf 77' lang='lat' dir='ltr'>Peli-on.</span> <span class='ocrx_word' id='word_1_361' title='bbox 1737 2740 1807 2788; x_wconf 71' lang='lat' dir='ltr'>lo,</span> <span class='ocrx_word' id='word_1_362' title='bbox 1844 2755 1881 2794; x_wconf 86' lang='lat' dir='ltr'>p.</span> <span class='ocrx_word' id='word_1_363' title='bbox 1912 2740 1988 2793; x_wconf 62' lang='lat'>332)</span> 
     </span>
     <span class='ocr_line' id='line_1_43' title="bbox 276 2799 1989 2854; baseline -0.001 -13"><span class='ocrx_word' id='word_1_364' title='bbox 276 2814 434 2847; x_wconf 80' lang='lat' dir='ltr'>annua.</span> <span class='ocrx_word' id='word_1_365' title='bbox 469 2802 759 2845; x_wconf 83' lang='lat' dir='ltr'>minutissime</span> <span class='ocrx_word' id='word_1_366' title='bbox 801 2802 1063 2851; x_wconf 85' lang='lat' dir='ltr'>tomentella,</span> <span class='ocrx_word' id='word_1_367' title='bbox 1102 2801 1224 2843; x_wconf 85' lang='lat' dir='ltr'>caule</span> <span class='ocrx_word' id='word_1_368' title='bbox 1257 2801 1406 2854; x_wconf 88' lang='lat' dir='ltr'>gracili</span> <span class='ocrx_word' id='word_1_369' title='bbox 1440 2801 1593 2844; x_wconf 88' lang='lat' dir='ltr'>crebre</span> <span class='ocrx_word' id='word_1_370' title='bbox 1618 2800 1770 2844; x_wconf 84' lang='lat' dir='ltr'>t‘olioso</span> <span class='ocrx_word' id='word_1_371' title='bbox 1804 2799 1989 2853; x_wconf 88' lang='lat' dir='ltr'>simplici</span> 
     </span>
     <span class='ocr_line' id='line_1_44' title="bbox 278 2859 1989 2915; baseline -0.001 -15"><span class='ocrx_word' id='word_1_372' title='bbox 278 2861 345 2901; x_wconf 85' lang='lat' dir='ltr'>vel</span> <span class='ocrx_word' id='word_1_373' title='bbox 387 2873 581 2915; x_wconf 89' lang='lat' dir='ltr'>superne</span> <span class='ocrx_word' id='word_1_374' title='bbox 622 2873 747 2914; x_wconf 83' lang='lat' dir='ltr'>parce</span> <span class='ocrx_word' id='word_1_375' title='bbox 787 2860 1254 2914; x_wconf 84' lang='lat' dir='ltr'>paniculato-ramoso.</span> <span class='ocrx_word' id='word_1_376' title='bbox 1299 2861 1414 2903; x_wconf 84' lang='lat' dir='ltr'>foliis</span> <span class='ocrx_word' id='word_1_377' title='bbox 1450 2859 1734 2903; x_wconf 86' lang='lat' dir='ltr'>inferioribus</span> <span class='ocrx_word' id='word_1_378' title='bbox 1776 2859 1989 2914; x_wconf 71' lang='lat' dir='ltr'>petiolatis</span> 
     </span>
     <span class='ocr_line' id='line_1_45' title="bbox 276 2917 1990 2973; baseline -0.002 -12"><span class='ocrx_word' id='word_1_379' title='bbox 276 2920 416 2962; x_wconf 77' lang='lat' dir='ltr'>ovatis</span> <span class='ocrx_word' id='word_1_380' title='bbox 445 2920 599 2962; x_wconf 86' lang='lat' dir='ltr'>obtuse</span> <span class='ocrx_word' id='word_1_381' title='bbox 625 2920 941 2962; x_wconf 83' lang='lat' dir='ltr'>inciso-lobatis</span> <span class='ocrx_word' id='word_1_382' title='bbox 974 2923 1042 2963; x_wconf 86' lang='lat' dir='ltr'>vel</span> <span class='ocrx_word' id='word_1_383' title='bbox 1082 2919 1340 2973; x_wconf 86' lang='lat' dir='ltr'>sublyralis,</span> <span class='ocrx_word' id='word_1_384' title='bbox 1374 2920 1558 2962; x_wconf 88' lang='lat' dir='ltr'>caulinis</span> <span class='ocrx_word' id='word_1_385' title='bbox 1599 2917 1916 2962; x_wconf 87' lang='lat' dir='ltr'>subsessilibus</span> <span class='ocrx_word' id='word_1_386' title='bbox 1948 2923 1990 2959; x_wconf 81' lang='lat' dir='ltr'>et</span> 
     </span>
     <span class='ocr_line' id='line_1_46' title="bbox 278 2977 1988 3032; baseline -0.002 -12"><span class='ocrx_word' id='word_1_387' title='bbox 278 2979 508 3021; x_wconf 85' lang='lat' dir='ltr'>sessilibus</span> <span class='ocrx_word' id='word_1_388' title='bbox 534 2979 575 3021; x_wconf 92' lang='lat' dir='ltr'>in</span> <span class='ocrx_word' id='word_1_389' title='bbox 603 2979 778 3021; x_wconf 85' lang='lat' dir='ltr'>lacinias</span> <span class='ocrx_word' id='word_1_390' title='bbox 798 2979 984 3022; x_wconf 87' lang='lat' dir='ltr'>lineares</span> <span class='ocrx_word' id='word_1_391' title='bbox 1008 2979 1292 3022; x_wconf 84' lang='lat' dir='ltr'>subdentatas</span> <span class='ocrx_word' id='word_1_392' title='bbox 1318 2979 1634 3032; x_wconf 85' lang='lat' dir='ltr'>pinnatisectis‚</span> <span class='ocrx_word' id='word_1_393' title='bbox 1660 2977 1844 3021; x_wconf 86' lang='lat' dir='ltr'>floribus</span> <span class='ocrx_word' id='word_1_394' title='bbox 1873 2977 1988 3030; x_wconf 83' lang='lat' dir='ltr'>pedi-</span> 
     </span>
    </p>
   </div>
  </div>
 </body>
</html>
