2065 3271
77 175 260 214 Lz'narz'a.
734 187 1147 214 SCROPHULARIACEAE.
1717 184 1788 222 367

76 259 258 302 floribus
295 259 338 300 111
382 258 546 300 ramulo
583 259 839 303 axillaribus
881 261 1028 314 paucis
1066 259 1307 313 paniculam
1347 261 1514 315 longam
1555 269 1786 318 angustam

75 319 265 371 foliosam
310 317 615 369 formantibus,
662 319 882 371 pedicellis
927 320 1078 373 pilosis
1126 318 1257 372 calyci
1296 321 1555 375 aequilongis
1600 324 1668 366 vel
1715 326 1785 371 vix

77 377 361 429 longioribus,
385 376 544 428 calyeis
577 377 743 418 laciniis
773 378 1021 421 lanceolatis
1047 378 1202 423 acutis,
1233 378 1405 420 corollae
1438 380 1784 428 luteseenti-vio·

75 435 198 478 laeeae
220 436 383 477 villosae
408 435 510 477 tubo
530 436 647 477 tenui
673 436 854 479 incurvo
877 438 1038 479 corolla
1063 438 1131 479 vix
1160 437 1378 490 breviore,
1402 441 1580 493 capsula
1604 442 1783 495 globosa

73 494 236 548 glabra,
261 494 504 537 seminibus
533 495 721 536 minimis
746 496 1222 539 reticulato-loveolatis
1244 495 1316 550 Θ.

121 567 224 602 Hab.
246 568 286 602 in
315 567 428 603 cultis
456 567 602 621 Cilici-ee
634 567 817 619 littoralis
846 568 894 604 ad
925 568 1094 604 Mersina
1121 568 1263 614 (Bali),
1295 568 1418 613 syriae
1447 570 1631 609 littoralis
1663 585 1782 624 prope

72 612 286 660 Berythum
307 618 344 650 et
359 613 552 662 Tripolim
573 614 687 659 (ΒΗ).

117 679 339 726 Specimina
373 680 599 727 Hispanicis
630 684 667 715 et
701 680 1066 716 boreali-Africanis
1100 681 1257 716 similia.
1293 681 1448 728 Species
1483 683 1714 722 indumento
1747 692 1784 726 et

72 727 166 762 facie
182 727 227 763 L.
245 727 423 764 Elatz‘nes
440 727 589 763 villosae
606 738 629 763 a
651 730 730 774 qua
751 728 853 763 foliis
872 727 1078 763 floralibus
1100 738 1177 763 non
1198 729 1509 774 triangularibus
1529 742 1598 768 nec
1618 734 1782 771 hastatis

70 774 216 820 differt3
237 786 260 811 a
278 774 321 811 L.
346 773 487 822 spurici
506 775 762 820 distinguitur
785 776 888 810 foliis
910 775 1163 810 inferioribus
1178 777 1412 822 minoribus,
1431 778 1632 823 pedieellis
1652 780 1780 818 brevi-

71 822 154 861 bus,
175 822 339 858 floribus
360 827 396 857 et
415 822 635 858 seminibus
655 822 818 858 dimidio
839 823 1082 867 minorihus3
1113 823 1162 857 ab
1189 827 1351 869 utraque
1368 825 1655 863 intloreseentia
1673 830 1783 875 pani·

69 869 208 905 culata.
229 872 291 905 An
311 872 443 905 tamen
466 869 512 905 L.
533 870 683 917 spuriae
704 870 875 905 varietas
894 870 956 905 vel
977 870 1103 905 forma
1124 871 1391 906 autumnalis?

114 935 171 970 Ar.
196 934 327 980 Geoqr.
356 934 570 978 Lusitania,
593 933 800 980 Hispania,
819 934 951 970 Africa
971 933 1155 979 borealis,
1174 933 1344 970 Madera.

125 1055 162 1096 7.
198 1054 253 1096 L.
287 1054 517 1096 Elatine
542 1053 610 1108 (L.
638 1053 710 1107 Sp.
739 1054 820 1095 821
848 1053 930 1095 sub
953 1051 1243 1106 Antirrlcmo)
1269 1053 1420 1106 pilosa,
1441 1067 1463 1096 a
1486 1054 1577 1097 basi
1602 1068 1777 1101 ramosa

69 1113 264 1156 caulibus
287 1118 329 1155 et
364 1114 496 1154 ramis
523 1114 753 1166 prostratis
789 1113 993 1154 tenuibus
1021 1112 1245 1165 elongatis,
1278 1113 1391 1155 foliis
1426 1117 1590 1168 praeter
1630 1115 1780 1160 intima

68 1173 263 1226 opposita
290 1172 469 1215 alternis
497 1173 687 1215 breviter
710 1172 923 1226 petiolatis
941 1172 1096 1222 ovans,
1120 1172 1425 1225 superioribus
1450 1173 1626 1215 semsin]
1654 1175 1778 1218 dimi-

68 1232 184 1273 nutis
208 1232 390 1275 hastatis
412 1233 566 1278 acutis,
595 1232 817 1286 pedicellis
843 1231 1099 1273 axillaribus
1130 1231 1310 1273 setaceis
1336 1232 1591 1286 patentibus
1614 1232 1777 1287 glabris

67 1291 164 1333 folio
194 1292 367 1334 axillari
405 1291 538 1333 multo
572 1292 858 1345 longioribus,
893 1291 1052 1344 ealyois
1086 1290 1254 1332 laciniis
1286 1292 1538 1334 lanceolatis
1577 1293 1778 1337 acutissi-

71 1351 160 1400 mis,
197 1352 357 1393 corolla
396 1350 539 1392 albida
578 1352 687 1393 labio
730 1350 962 1405 superiore
999 1351 1262 1392 violassente
1287 1350 1494 1393 inferiore
1520 1351 1775 1404 lutescente,

68 1409 231 1452 calcare
271 1410 474 1453 subulato
499 1411 767 1453 subincurvo
798 1410 972 1452 eoi-oilie
999 1409 1343 1463 subaequilougo‚
1378 1411 1559 1464 capsula
1581 1410 1775 1464 globosa,

65 1469 305 1512 seminibus
332 1470 808 1512 alveolato-retioulatis
840 1473 904 1519 Θ.
929 1468 978 1510 L.
1011 1467 1188 1509 Elatiae
1213 1469 1315 1511 Mill.
1351 1469 1456 1511 Diot.
1483 1469 1538 1512 No
1562 1468 1774 1515 16.-10.

63 1526 123 1568 Fl.
153 1528 261 1570 Dan.
291 1528 373 1570 tab.
403 1530 505 1571 426.
525 1554 583 1559 ——
600 1529 645 1572 L.
671 1528 912 1570 Calceus-ica
938 1527 1072 1570 Muss.
1096 1528 1141 1569 in
1165 1526 1349 1582 Spreng.
1374 1528 1487 1583 Syst.
1518 1528 1574 1583 ΙΙ,
1592 1542 1642 1583 p.
1679 1530 1774 1574 790.

114 1602 214 1639 Hah.
234 1605 274 1638 in
292 1604 410 1640 cultis
430 1606 633 1650 regionum
656 1604 1024 1651 septentrionalium
1047 1603 1219 1647 ditionis,
1238 1604 1406 1640 Thracia
1424 1605 1550 1649 (Frivl
1573 1604 1775 1652 Pichlerl),

64 1651 248 1687 Anatolia
268 1651 454 1688 borealis!
472 1653 618 1688 Tauria
635 1657 672 1688 et
691 1662 802 1698 prov.
821 1652 1041 1687 Caucasicae
1062 1651 1246 1695 theclebi)
1267 1652 1401 1688 Persia
1421 1652 1591 1688 borealis
1611 1653 1729 1697 (Szov
1739 1654 1774 1700 1).

121 1717 166 1771 β.
207 1717 374 1760 villosa.
401 1743 448 1749 —-
483 1719 630 1761 Dense
670 1719 820 1761 villosa
856 1731 972 1773 saepe
1007 1719 1276 1772 bombycina,
1311 1719 1411 1761 folia
1445 1719 1613 1762 floralia
1651 1724 1698 1762 ut
1729 1721 1773 1765 in

62 1780 163 1830 typo
188 1778 264 1820 sed
301 1790 417 1832 saepe
446 1779 589 1821 minus
623 1779 850 1820 manifeste
884 1779 1068 1829 hastata,
1104 1778 1302 1832 pedicelli
1330 1780 1470 1832 glabri
1509 1778 1576 1821 vel
1612 1779 1772 1824 hirsuti

63 1847 178 1891 saepe
205 1837 349 1880 minus
377 1838 578 1891 elongati.
604 1861 660 1869 —-
683 1837 733 1880 L.
763 1836 1022 1890 bombycina
1062 1836 1196 1880 Boiss.
1226 1842 1268 1879 et
1291 1838 1354 1881 Bl.
1384 1838 1539 1892 Diagn.
1580 1838 1677 1880 Ser.
1719 1838 1772 1894 11,

62 1896 99 1940 3.
137 1909 173 1950 p.
212 1894 311 1938 101.
346 1921 400 1926 —-
434 1897 480 1939 L.
523 1897 827 1939 Prestmtdreae
863 1897 997 1939 Tineo
1039 1898 1083 1939 in
1120 1897 1249 1940 Guss.
1293 1897 1397 1952 Syn.
1430 1898 1482 1949 11,
1521 1911 1560 1953 p.
1586 1898 1688 1940 842.
1720 1922 1771 1930 —

61 1954 111 1996 L.
140 1954 306 1999 Sleberz‘
331 1955 467 1999 Relib.
491 1957 551 1998 Fl.
580 1969 670 2000 exc.
699 1970 738 2010 p.
768 1958 867 1998 374.
890 1982 941 1986 —
973 1957 1023 1998 lc.
1052 1956 1180 1999 Guss
1203 1956 1262 1999 Fl.
1287 1958 1441 2011 Isehia,
1464 1957 1547 2000 tab.
1576 1958 1617 2010 9,
1642 1957 1712 2011 fig.
1736 1959 1770 2001 1.

107 2030 206 2066 Hal).
239 2032 277 2066 in
306 2031 422 2067 cultis
447 2032 606 2067 ditionis
630 2031 828 2067 calidioris
853 2032 1173 2078 frequentissima
1205 2043 1226 2067 a
1258 2033 1412 2068 Graecia
1443 2034 1479 2068 et
1511 2033 1596 2077 ejus
1629 2031 1771 2068 insulis

60 2077 213 2121 (Heldrl
236 2078 389 2125 Orph!)‚
413 2079 526 2115 Creta
544 2080 668 2124 [Siebl
690 2079 1057 2123 Held1-!)‚Anatolia
1075 2079 1253 2124 australi,
1272 2081 1322 2116 ad
1341 2080 1497 2125 Syriam
1514 2080 1595 2125 (Bll
1614 2079 1772 2125 631111),

59 2124 387 2172 Mesopotamiam
406 2127 536 2172 (Kys),
570 2127 834 2173 Babyloniam
857 2130 894 2162 et
914 2127 1089 2162 Persian]
1108 2128 1322 2163 australem
1341 2127 1521 2172 (Haussk
1533 2130 1570 2173 l),
1596 2127 1772 2164 Persiam

59 2171 256 2208 borealem
277 2174 443 2219 (Szov!)‚
471 2175 660 2210 Arabiam
679 2174 964 2210 Mascatensem
995 2175 1135 2219 (Auch.
1155 2175 1298 2221 51115131),
1325 2175 1528 2223 Egyptum
1546 2175 1771 2211 inferiorem

59 2219 177 2265 (Del.)
196 2225 234 2256 et
255 2222 293 2256 in
308 2220 401 2257 Oasi
420 2225 565 2268 magna
585 2222 840 2267 (Schweinss).

105 2285 279 2322 Varietas
301 2286 324 2334 β
344 2286 395 2322 ad
416 2289 556 2333 typum
577 2287 820 2323 intermediis
842 2287 1046 2323 manifeste
1065 2289 1218 2324 transit.

104 2352 164 2386 Ar.
193 2351 325 2397 Geoqr.
360 2352 515 2399 Europa
546 2353 677 2389 media
709 2356 746 2388 et
776 2353 963 2388 australis
992 2353 1044 2388 al)
1072 2353 1215 2400 Anglia
1249 2358 1287 2390 et
1311 2354 1458 2390 Gothia
1489 2355 1539 2391 ad
1568 2356 1769 2402 regionem

59 2397 335 2443 Danubialem,
354 2400 487 2435 Africa
508 2400 688 2444 borealis,
709 2401 938 2446 Abyssinia,
958 2400 1129 2447 Madera,
1150 2401 1294 2437 Insulae
1314 2402 1585 2439 Canarienses.

115 2523 155 2564 8.
194 2521 258 2563 L.
290 2520 497 2565 Graeca
529 2521 668 2577 (Bory
691 2525 733 2564 et
760 2520 832 2563 Ch.
860 2521 926 2563 Fl.
960 2521 1106 2575 Pelop.
1149 2521 1207 2564 Ν0
1236 2522 1335 2573 796,
1373 2522 1460 2564 tab.
1489 2524 1540 2564 ⁹21
1575 2521 1657 2565 sub
1684 2521 1768 2564 An-

58 2580 273 2636 tirrlze‘no)
298 2594 440 2623 annua
471 2581 535 2623 vel
564 2593 816 2635 perennans
846 2582 996 2634 pilosa,
1020 2581 1285 2624 multicaulis
1309 2581 1507 2624 caulibus
1531 2581 1768 2637 prostratis

57 2641 270 2694 elongatis
298 2652 433 2694 prope
459 2640 581 2682 basin
608 2652 723 2694 saepe
759 2640 1073 2683 radieantibus.
1101 2641 1216 2684 toliis
1243 2640 1436 2683 breviter
1462 2641 1678 2695 petiolatis
1702 2640 1767 2683 in·

57 2698 290 2742 ferioribus
337 2699 684 2752 ovato-oblongis
726 2700 960 2753 oppositis⁷
1010 2701 1316 2754 superioribus
1359 2701 1522 2743 sensim
1561 2704 1604 2744 et
1642 2699 1767 2745 valde

58 2758 284 2801 diminutis
329 2759 589 2812 triangulari
628 2759 695 2800 vel
739 2759 1206 2811 lanceolam-hastatis,
1246 2760 1469 2816 pedieellis
1510 2757 1766 2803 axillaribus

56 2818 337 2870 capillaribus
369 2817 617 2871 patentibus
639 2818 738 2861 solio
756 2819 892 2860 multo
920 2819 1189 2872 longioribus
1214 2819 1549 2862 eirrliiformiter
1572 2819 1765 2862 curvatis

55 2877 220 2929 glabris
247 2877 314 2919 vel
338 2877 480 2923 hirtis,
507 2879 664 2931 calycis
691 2877 789 2920 hirti
821 2877 986 2920 laciniis
1014 2878 1262 2921 lanceolatis
1287 2878 1568 2929 acutissimis,
1596 2877 1766 2921 corollae

56 2934 565 2979 flavido-caerulescentis
595 2937 658 2979 vel
689 2937 813 2980 ssavae
839 2936 1033 2980 breviter
1054 2938 1225 2981 liirtulae
1252 2941 1417 2981 calcare
1446 2936 1766 2982 tenuirectius·
