2100 3262
227 262 229 264 Ι
250 215 346 254 1002
961 223 1224 250 POLYGONEAE.
1672 213 1962 262 Pteropyrum.

315 300 351 342 1.
382 297 440 340 Ρ.
468 296 726 342 Aucheri
749 295 896 352 {Jaub
928 299 971 338 et
1006 294 1080 349 Sp.
1111 296 1175 337 Ill.
1204 293 1258 346 ΙΙ,
1289 293 1374 337 tab.
1411 294 1512 344 107)
1539 293 1795 337 fruticosum
1824 308 1969 338 ramo-

250 358 477 404 sissimum
499 357 634 399 ramis
656 355 928 409 ramulisque
949 354 1102 407 rigidis
1124 353 1456 406 erecto-patulis
1481 352 1685 404 cinereis‚
1707 354 1819 396 foliis
1842 355 1966 397 fasci-

253 417 408 462 culatis
433 416 596 471 glabris
621 414 998 468 glaucescentibus
1023 414 1216 456 tenuiter
1244 412 1486 454 linearibus
1511 412 1579 453 vel
1610 412 1965 466 lineari-spathu-

252 477 353 521 latis
396 475 592 528 margine
634 473 847 516 revolutis
893 472 1206 523 teretiusculis‚
1245 470 1430 514 floribus
1468 471 1513 513 in
1558 470 1760 513 foliorum
1805 471 1970 515 rosulis

252 535 529 584 fasciculati8‚
563 533 732 577 alarum
763 544 986 577 rosearum
1025 531 1189 573 achenii
1223 529 1334 572 lobis
1370 529 1675 573 terminalibus
1705 529 1756 571 ab
1791 530 1965 572 inferio-

252 595 377 638 ribus
404 595 504 648 plus
527 593 671 635 minus
693 590 1018 634 remotiusculis
1038 596 1073 638 5.

299 669 405 705 Hah.
440 668 482 702 in
513 666 636 702 aridis
667 667 706 701 et
734 665 915 700 arenosis
944 664 1189 699 desertorum
1213 662 1358 698 Persiae
1386 662 1572 709 borealis,
1607 663 1649 697 in
1677 662 1783 697 valle
1811 661 1969 697 Sefirud

252 715 398 761 (Auch.
414 713 557 759 52691)‚
578 722 699 759 prope
719 711 903 747 Bibersin
923 713 961 746 et
979 709 1135 746 Enarek
1154 710 1358 755 (Buhsel)‚
1379 709 1422 745 in
1439 710 1585 745 ditione
1606 709 1834 744 Khorassan
1858 709 1962 744 inter

252 762 464 800 Schahrud
491 763 529 797 et
555 760 761 806 Nichapur
783 757 883 805 (Bge
893 760 934 804 1),
960 759 1062 794 inter
1079 757 1298 793 Meschhed
1324 759 1362 792 et
1381 756 1502 792 Herat
1520 756 1678 802 (Egel),
1694 756 1848 792 Persice
1869 754 1967 792 Pia-

251 810 363 848 rend.

299 874 416 911 Folia
436 873 502 910 3-5
520 873 651 908 lineas
668 872 790 917 longa
806 870 957 906 lineam
978 870 1048 905 vix
1066 869 1159 916 lata,
1179 869 1365 916 pedicelli
1381 868 1449 905 2-3
1466 869 1597 904 lineas
1611 868 1734 914 longi,
1752 868 1967 904 achenium

252 931 342 959 cum
364 921 440 957 alis
456 920 481 956 3
500 920 628 956 lineas
648 918 816 965 longum
835 919 874 953 et
894 917 1032 953 latum.

314 1038 355 1080 2.
393 1036 451 1079 Ρ.
489 1032 801 1087 ericoides,
841 1034 1098 1075 fruticosum
1137 1030 1482 1074 ramosissimum
1518 1030 1651 1073 ramis
1694 1029 1965 1083 rainulisque

251 1096 466 1151 elongatis
488 1092 876 1138 cinerascentibus.
908 1091 1021 1133 soliis
1047 1091 1159 1133 lente
1187 1089 1628 1143 pruinoso-velutinis
1658 1089 1965 1140 angustissime

252 1155 497 1198 linearibus
531 1153 727 1207 margine
755 1150 1001 1194 convolutis
1031 1152 1154 1204 parte
1188 1149 1395 1191 inferiore
1426 1148 1678 1199 attenuatis,
1710 1147 1894 1189 floribus
1923 1160 1965 1189 in

251 1213 454 1258 foliorum
492 1213 656 1256 rosulis
684 1210 945 1254 fasciculatis
979 1209 1243 1259 numerosis,
1275 1207 1440 1250 achenii
1474 1208 1641 1251 alarum
1679 1206 1789 1248 lobis
1818 1206 1966 1248 termi-

251 1274 426 1318 nalibus
450 1273 502 1315 ab
524 1271 807 1314 inferioribus
833 1269 932 1324 plus
959 1270 1164 1310 minusve
1188 1267 1511 1310 remotiusculis
1544 1273 1606 1313 26.

298 1347 402 1383 Hah.
419 1347 460 1382 in
480 1345 707 1382 Belutschia
724 1343 911 1379 inferiore
929 1340 1091 1386 (Stocks
1118 1341 1173 1376 N⁰
1191 1340 1314 1385 4191),
1340 1339 1558 1386 specimina
1578 1338 1730 1374 sterilia
1752 1348 1801 1373 ex
1822 1338 1966 1374 Persiae

249 1394 593 1479 nggffiffiomonte
610 1392 769 1428 Sawers
789 1392 828 1427 et
845 1392 895 1426 ex
913 1388 1017 1425 valle
1036 1388 1220 1434 Chyrsan
1239 1387 1495 1433 Elymaitidis
1513 1387 1591 1422 huc
1612 1396 1770 1432 quoque
1791 1388 1966 1432 spectare

300 1505 436 1542 Facies
455 1506 494 1540 et
510 1502 610 1539 folIa.
625 1501 858 1538 tenuissima
877 1498 924 1535 P.
937 1498 1115 1546 scopariz'
1127 1497 1196 1533 sed
1214 1497 1397 1533 velutina
1415 1499 1454 1533 et
1472 1496 1682 1532 acheniuni
1697 1497 1809 1542 apice
1825 1495 1967 1531 distor-

250 1553 349 1589 tum.
389 1552 425 1587 A
451 1550 498 1587 P.
521 1548 699 1586 Aucherz'
712 1548 821 1585 foliis
839 1545 1242 1592 velutino-pruinosis
1272 1544 1516 1580 tenuioribus
1534 1543 1715 1591 specifice
1735 1543 1965 1578 distinctum

248 1599 419 1636 videtur.

311 1709 350 1751 3.
385 1707 443 1750 P.
476 1704 723 1750 Olivieri
749 1703 896 1754 (Jaub.
925 1704 968 1745 et
994 1701 1067 1758 Sp.
1094 1701 1158 1744 Ill.
1189 1701 1244 1754 II,
1272 1701 1355 1743 tab.
1396 1699 1499 1756 108)
1528 1699 1786 1742 fruticosum
1823 1711 1966 1741 ramo-

249 1766 490 1813 sissimum,
520 1765 652 1808 ramis
676 1762 950 1818 ramulisque
976 1761 1127 1815 rigidis
1150 1759 1309 1803 albidis
1335 1760 1675 1813 erecto-patulis.
1702 1759 1814 1801 foliis
1841 1758 1964 1799 fasci-

250 1827 406 1871 culatis
431 1824 736 1870 crassiusculis
767 1822 931 1877 glaucis
965 1822 1149 1874 oblongo
1186 1820 1252 1863 vel
1290 1817 1761 1874 obovalo-spatbulatis
1794 1817 1964 1860 obtusis

249 1886 445 1940 margine
472 1881 770 1927 subrevolutis
788 1881 969 1934 glabris,
993 1879 1176 1923 floribus
1194 1879 1239 1921 in
1266 1878 1464 1921 foliorum
1493 1877 1656 1920 rosulis
1681 1877 1961 1923 fasciculatis‚

249 1944 417 1988 alarum
441 1955 671 1987 rosearum
693 1941 861 1984 acnenii
885 1940 995 1983 lobis
1014 1940 1321 1982 terminalibus
1344 1937 1455 1979 lobis
1475 1936 1758 1979 inferioribus
1782 1936 1967 1979 subcon-

248 2003 381 2058 tiguis
402 2012 442 2053 ’5.
469 2002 518 2045 Ρ.
544 1999 759 2055 Griffitlziz'
784 2000 938 2043 Meisn.
956 1999 1001 2041 in
1026 2010 1109 2043 nc.
1133 1997 1289 2041 Prodr.
1315 1996 1432 2042 XIV.
1450 2010 1491 2051 p.
1521 1996 1590 2037 31.

296 2084 399 2117 hab.
418 2085 460 2115 in
476 2078 616 2116 Persia
631 2077 935 2124 septentrionali
956 2075 1060 2110 circa
1078 2073 1259 2109 Teheran
1274 2071 1432 2117 (Oliv.),
1449 2071 1500 2107 ad
1518 2070 1701 2106 Schurab
1722 2071 1823 2105 inter
1834 2064 1965 2105 Tebe-

247 2136 320 2165 ran
338 2130 376 2164 et
395 2127 572 2174 Ispahan
591 2125 691 2171 (Bge
703 2125 743 2170 l),
775 2123 819 2159 in
836 2122 1051 2169 Affghania
1068 2130 1190 2167 prope
1207 2118 1375 2156 Tarnuk
1404 2120 1442 2154 et
1470 2119 1510 2154 in
1532 2118 1630 2164 jugo
1648 2117 1777 2152 Bolan
1796 2116 1918 2161 (Griff
1924 2119 1968 2162 1).

308 2195 339 2250 β
378 2192 561 2248 gracile.
586 2218 625 2222 —
678 2190 850 2233 Ramuli
888 2189 1113 2232 tenuiores
1154 2187 1368 2239 elongati,
1410 2185 1506 2227 folia
1548 2184 1716 2226 minora
1755 2183 1965 2236 elliptico-

248 2257 447 2301 obovata‚
474 2252 644 2296 acnem‘i
669 2261 747 2294 alae
774 2252 983 2293 minores.
1006 2272 1062 2278 --
1083 2247 1132 2290 P.
1155 2245 1322 2299 yracz‘le
1349 2244 1493 2289 Boiss.
1520 2244 1673 2296 Diagn.
1704 2242 1800 2285 Ser.
1828 2242 1861 2290 Ι,
1897 2242 1961 2294 12,

281 2348 290 2356 .
319 2318 414 2359 10³2.

188 2384 195 2392 ¹
247 2326 697 2479 kffiapgsipefonak
710 2381 1075 2430 jugifflhrusensis
1093 2378 1239 2415 Persiae
1255 2376 1430 2413 borealis
1447 2376 1541 2423 (ΚΥ.
1559 2375 1678 2421 6641),
1702 2385 1824 2421 prope
1841 2374 1962 2410 Schu-

294 2501 327 2537 A
360 2499 398 2534 Ρ.
426 2497 603 2535 Anchari
632 2495 741 2533 foliis
765 2492 977 2532 latioribus
1003 2491 1225 2538 praesertim
1259 2490 1443 2525 distincta
1474 2498 1567 2524 nam
1597 2489 1692 2522 nota
1727 2496 1776 2521 ex
1808 2486 1961 2523 alarum

241 2546 350 2584 *lobis
372 2558 420 2582 su
452 2545 648 2581 erioribus
671 2543 720 2579 ab
739 2540 994 2579 inferioribus
1013 2541 1172 2575 remotis
1190 2538 1253 2574 vel
1275 2538 1471 2582 contiguis
1490 2534 1602 2571 valde
1626 2535 1769 2569 caduca
1795 2534 1961 2569 videtur.

248 2593 294 2631 P.
329 2592 407 2631 Grz'
448 2591 516 2628 thz‘z'
547 2592 687 2628 Meisn.
718 2589 930 2626 achenium
962 2587 1073 2631 apice
1108 2584 1321 2621 distortum
1356 2594 1429 2620 nec
1461 2587 1612 2620 rectum
1647 2581 1785 2616 nabet!
1817 2590 1856 2616 ei
1884 2581 1960 2616 huc

246 2653 265 2678 s
297 2643 407 2678 ectat.

267 2653 356 2744 pAr.
377 2707 511 2751 Geogr.
539 2704 648 2739 Ditio
671 2701 811 2738 scinde
829 2700 955 2737 Indiae
975 2698 1162 2734 borealis,

305 2815 346 2857 4.
380 2813 436 2856 P.
467 2812 776 2856 Noeanum
798 2808 954 2863 (Boiss.
984 2807 1028 2849 in
1055 2807 1149 2849 Bot.
1177 2805 1270 2847 Zeit
1315 2804 1440 2855 1853,
1464 2816 1503 2857 p.
1529 2803 1614 2844 734
1654 2825 1704 2831 —-
1735 2800 1885 2843 Meisn.
1912 2801 1954 2841 in

245 2885 330 2917 nc.
354 2871 509 2915 Prodr.
536 2870 648 2922 XIV,
676 2882 718 2923 p.
751 2869 823 2922 31)
851 2867 1109 2910 fruticosum
1140 2863 1490 2907 ramosissimum
1514 2861 1697 2904 ramulis
1723 2859 1961 2913 gracilibus

245 2932 497 2988 patentibus
523 2927 886 2974 l’uscescentibus‚
911 2925 1023 2969 foliis
1045 2924 1224 2967 minutis
1250 2921 1494 2965 carnosulis
1519 2919 1733 2963 viridibus
1763 2917 1957 2960 breviter

243 2988 709 3046 oblongo-lanceolatis
733 2986 904 3032 obtusis
922 2983 1118 3038 margine
1140 2982 1451 3035 subi-evolutis,
1473 2980 1657 3023 floribus
1677 2976 1958 3021 creberrimis
