2100 3262
283 150 356 187 236
999 159 1284 187 BORRAGINEAE.
1785 151 1993 199 Myosotis.

346 233 383 275 1.
419 232 486 274 M.
525 231 816 283 littoralis
849 231 988 287 (Stev.
1019 230 1107 274 Cat.
1143 231 1333 275 Gorenk.
1367 231 1497 287 1812)
1534 245 1692 275 annua.
1722 245 1832 276 nana
1869 233 2000 276 suba-

285 292 421 336 caulis
457 292 510 334 ad
545 291 645 333 folia
676 291 822 345 patule.
859 302 986 333 secus
1022 290 1388 334 inflorescentiam
1429 292 1637 346 adpresse
1673 292 1854 346 hispida,
1884 293 2000 337 foliIs

282 351 547 393 radic-alibius
595 351 743 404 parvis
781 350 1023 404 aggregatis
1063 350 1410 403 ovato-oblongis
1452 352 1642 401 obtusiS,
1681 352 1862 393 racemis
1907 354 1999 395 fere

284 411 550 453 raaeiicalibus
581 410 832 452 numerosis
872 410 1000 451 etiam
1037 410 1273 452 fructiferis
1307 409 1519 453 brevibus
1554 409 1811 454 imbricatim
1852 411 1997 454 densi-

282 469 403 511 ssoriez
432 469 637 511 secundis
664 468 862 512 incurvis
888 469 1162 515 ebracteatis,
1192 469 1451 523 pedunculis
1480 470 1714 513 fructiferis
1742 470 1997 514 incrassatis

283 528 447 571 strictis
475 529 618 582 calyce
653 527 949 579 brevioribus,
975 530 1119 583 calyce
1156 529 1368 583 adpresse
1404 529 1575 584 hispido
1608 529 1832 572 fructifero
1862 530 1998 583 cylin-

282 588 401 631 dricn
431 588 596 630 laciniis
624 587 975 641 conniventibus,
999 587 1172 630 corollae
1201 588 1369 643 exiguae
1406 589 1603 632 caeruleae
1629 589 1697 630 vel
1732 587 1839 632 albae
1863 589 1997 632 limbo

281 659 469 690 concavo
493 647 646 689 tubum
676 660 758 690 non
786 651 989 701 aequante
1019 652 1082 698 Θ.

329 721 419 756 Hab
452 721 491 756 in
511 721 640 756 arenis
658 721 870 757 maritimis
894 720 1049 757 Tauriae
1072 721 1344 758 meridionalis
1370 720 1533 766 (Stew),
1559 721 1759 766 Bithyniae
1785 721 1835 757 ad
1863 723 1995 758 sinum

281 768 578 804 Nicodemicum
614 779 734 815 prope
766 768 919 805 Hersek
951 769 1161 814 (Grisebl),
1189 769 1328 805 Atticae
1359 769 1411 804 ad
1443 769 1658 805 Phalerum
1689 769 1840 814 (Heldr.
1873 769 1995 806 Herb.

282 816 420 852 Norm.
441 816 527 852 5541
546 815 668 863 Orph.
690 815 747 852 Fl.
767 817 835 852 Gr.
857 827 937 852 exs.
955 816 1047 853 220!
1067 817 1142 852 s'ub
1162 818 1210 852 M.
1229 813 1404 865 pusz'lld).

328 879 514 916 Plantula
535 879 816 927 1-2pollicaris
835 891 859 915 a
876 880 979 916 collo
999 890 1103 927 saepe
1122 880 1408 926 ramosissima,
1425 881 1570 916 racemi
1591 880 1775 917 fructiferi
1794 880 1996 918 densissori

282 927 567 974 semipollicem
586 927 651 963 vel
668 927 718 963 ad
737 938 942 964 summum
960 927 1144 975 pollicem
1162 928 1281 975 longi.

343 1051 381 1092 5.
416 1049 485 1092 Μ.
514 1047 674 1093 Idaea
710 1049 871 1104 (Boiss.
908 1054 950 1092 et
986 1049 1136 1093 Heldr.
1164 1050 1315 1105 Diagn.
1343 1049 1437 1093 Ser.
1460 1050 1492 1101 I,
1527 1052 1591 1101 11,
1626 1063 1663 1105 p.
1696 1050 1801 1106 1⁶21)
1834 1064 1995 1101 annua,

279 1110 450 1152 inferne
473 1109 769 1163 subpatentim
795 1121 988 1164 superne
1012 1110 1370 1163 adpressiuscule
1396 1109 1509 1153 hirta
1535 1111 1694 1165 pumila
1722 1111 1843 1152 caule
1870 1110 1995 1153 brevi

279 1180 466 1212 ramoso.
488 1168 599 1211 foliis
620 1168 883 1211 radicalibus
906 1170 1389 1224 obovato-spatlmlatis.
1408 1169 1592 1212 caulinis
1617 1170 1766 1223 paucis
1786 1170 1994 1224 elliptico-

281 1228 535 1274 linearibus,
574 1228 760 1270 racemis
801 1228 1036 1271 fructiferis
1074 1229 1285 1283 elongatis
1326 1229 1433 1272 laxis
1473 1230 1678 1272 secundis
1717 1229 1994 1280 ebracteatis,

280 1287 543 1342 pedunculis
562 1287 800 1330 fructiferis
817 1290 918 1342 plus
938 1289 1083 1331 minus
1101 1289 1355 1331 incrassatis
1374 1289 1704 1342 erecto-patulis
1726 1288 1994 1343 veljpatenti—

283 1347 467 1389 deflexis
499 1347 633 1401 calyci
651 1347 908 1402 aequ'ilongis
927 1348 994 1389 vel
1011 1347 1449 1402 sesquilongioribus,
1468 1349 1611 1402 calyce
1628 1349 1836 1402 adpresse
1854 1348 1995 1402 piloso

280 1406 506 1448 fructifero
546 1411 730 1460 anguste
773 1406 1075 1460 campanulato
1117 1408 1283 1450 laciniis
1323 1407 1481 1450 erectis
1517 1420 1603 1450 non
1642 1407 1995 1459 conniventibus,

280 1466 452 1508 corollae
479 1466 647 1518 exiguae
674 1467 872 1509 caeruleae
899 1467 1029 1510 limbo
1056 1478 1243 1510 concavo
1271 1468 1450 1509 limbum
1478 1480 1564 1509 non
1580 1471 1783 1521 aequante
1806 1471 1871 1517 G).

329 1540 428 1576 Hab.
449 1541 489 1575 in
508 1540 637 1576 littore
656 1542 779 1576 maris
798 1540 956 1577 Tauriae
984 1552 1104 1589 prope
1132 1541 1267 1578 Sudak
1293 1541 1435 1587 (Rehm
1447 1543 1484 1586 1),
1502 1542 1543 1576 in
1561 1544 1694 1577 monte
1718 1542 1825 1588 Apos
1851 1540 1994 1576 insulae

280 1587 400 1623 Chios
416 1587 648 1634 1’01’ρ111),111
663 1589 818 1624 saxosis
830 1590 976 1624 montis
993 1589 1061 1625 Ida
1079 1592 1116 1625 et
1132 1590 1328 1626 montium
1340 1589 1484 1625 Lassiti
1499 1588 1624 1624 Cretae
1639 1589 1785 1625 5-6000‘
1801 1588 1942 1632 (Heldr
1954 1590 1994 1632 1),

279 1635 469 1681 Hymetto
495 1635 680 1671 orientali
704 1637 744 1671 in
768 1636 899 1672 Attica
917 1637 1105 1681 (Heldrl)‚
1126 1638 1283 1673 Malevo
1305 1637 1486 1673 Laconiae
1506 1637 1631 1684 (Orph
1645 1639 1682 1682 1),
1701 1636 1830 1682 Lyciae
1849 1636 1992 1671 monti-

278 1682 352 1718 bus
375 1694 495 1729 supra
516 1683 675 1719 Elmalu
697 1683 897 1730 (Bourgl).

336 1749 379 1801 [3.
404 1748 688 1802 yranffiflora
717 1750 853 1791 Boiss.
885 1750 1005 1792 herb.
1037 1775 1086 1780 —
1120 1748 1301 1793 Corollae
1330 1751 1529 1793 caeruleae
1558 1750 1625 1792 vel
1657 1750 1802 1792 lacteae
1827 1740 1994 1792 limbus

275 1810 413 1863 major
439 1809 542 1851 tubo
567 1813 715 1851 tamen
738 1809 810 1850 vix
833 1809 1118 1864 aequilongus.
1146 1835 1198 1840 -—
1228 1809 1283 1852 M.
1315 1809 1640 1852 Kiesenwetteri
1661 1809 1810 1851 Heldr.
1836 1809 1879 1850 in
1911 1809 1993 1851 litt.

324 1882 424 1918 Hab.
450 1884 487 1917 in
515 1882 644 1918 Attica
668 1883 708 1918 in
741 1884 873 1918 monte.
904 1883 1129 1929 Lycabetto,
1159 1884 1208 1919 ad
1241 1883 1476 1930 lapidicinas
1503 1882 1701 1928 Pentelici,
1726 1882 1777 1918 ad
1805 1892 1992 1918 cacumen

276 1929 455 1974 Hymetti
485 1932 523 1965 et
547 1930 695 1965 montis
720 1931 867 1966 Parnes
896 1930 1036 1967 Heldr!
1055 1931 1194 1979 (Orph.
1226 1932 1282 1967 Fl.
1309 1932 1374 1967 Gr.
1401 1931 1521 1976 2191),
1548 1930 1588 1965 111
1617 1932 1792 1966 arenosis
1812 1934 1849 1965 et
1867 1930 1991 1965 alveis

274 1987 396 2024 prope
416 1978 593 2012 Athenas
618 1977 760 2018 &Heldr
796 1981 834 2014 et
861 1977 984 2025 Orph.
1016 1979 1074 2014 Fl.
1100 1990 1179 2015 exs.
1209 1979 1295 2015 218!
1328 1979 1403 2014 51111
1429 1978 1485 2014 M.
1518 1975 1672 2014 Cretica*
1698 1988 1777 2013 non
1804 1977 1931 2013 Boiss.
1954 1980 1994 2013 et

274 2024 439 2079 Heldr.),
455 2025 494 2085 in
516 2029 649 2079 monte
668 2025 825 2080 Malevo
842 2026 1023 2062 Laconiae
1043 2026 1217 2081 (QrphU,
1235 2027 1393 2086 regione
1409 2025 1585 2061 inferiori
1603 2026 1788 2061 Parnassi
1807 2025 1993 2071 (Guiccl),

274 2071 324 2107 ad
343 2073 491 2108 radices
511 2078 656 2108 montis
673 2073 820 2120 Delphi
840 2073 986 2110 Eubeae
1005 2078 1043 2110 et
1062 2085 1103 2110 1n
1122 2074 1256 2110 11151113
1275 2074 1396 2110 chios
1415 2073 1540 2120 (Orph
1551 2074 1588 2118 1).

335 2158 372 2197 7.
408 2137 608 2180 Cadmea.
647 2162 705 2167 —
743 2136 910 2181 Corolla
949 2141 1137 2182 caerulea
1179 2152 1331 2193 magna
1373 2139 1502 2181 limbo
1541 2139 1695 2181 tubum
1736 2142 1992 2193 superante,

274 2197 477 2251 perlicelli
505 2197 715 2240 fructiferi
743 2197 814 2239 vix
832 2198 1077 2249 incrassati,
1095 2200 1222 2242 valde
1249 2202 1457 2252 patentes.
1478 2222 1534 2228 -—
1561 2198 1617 2240 M.
1639 2197 1822 2240 Cadmea
1847 2197 1989 2239 Boiss.

277 2258 353 2299 loc.
378 2257 447 2299 cit.
474 2270 520 2322 p.x
545 2257 640 2298 122.
666 2280 722 2288 —
749 2257 803 2299 M.
829 2257 1018 2299 Baeotica
1044 2259 1171 2301 Reut.
1201 2259 1302 2301 Mss.

321 2330 423 2365 Hab.
460 2331 499 2365 in
531 2333 664 2366 monte
697 2329 860 2367 Helicon
892 2330 1052 2367 Baeotiae
1087 2331 1262 2379 (Oi-phi),
1298 2333 1336 2367 in
1368 2334 1501 2367 monte
1533 2332 1681 2367 Cadmo
1713 2331 1838 2366 Cariae
1870 2341 1989 2377 supra

275 2377 464 2413 Colossas
483 2377 615 2422 (Boiss
630 2380 666 2423 l),
686 2388 807 2425 prope
827 2378 1067 2424 Byzantium
1085 2380 1213 2423 (Wied
1226 2382 1262 2424 1).

322 2440 463 2487 Planta
475 2440 763 2493 2-6-13011icaris
782 2452 805 2477 a
823 2441 877 2477 M.
893 2441 1064 2479 littorali
1078 2443 1168 2489 pilis
1187 2443 1451 2487 brevioribus,
1467 2442 1631 2478 racemis
1650 2442 1857 2478 fructiferis
1873 2441 1988 2485 laxis,

273 2485 475 2534 pedicellis
506 2487 754 2533 longioribus
786 2490 915 2535 magis
945 2490 1187 2536 patentibus,
1210 2491 1342 2536 calyce
1372 2490 1572 2525 fructifero
1599 2500 1678 2525 non
1703 2489 1858 2533 clauso3
1884 2499 1906 2523 a
1932 2488 1986 2524 M.

271 2533 428 2581 pusz‘lld‘
444 2537 610 2572 racemis
636 2537 866 2572 ebracteatis
892 2537 1112 2573 discedens.
1140 2540 1200 2573 An
1219 2540 1350 2573 tamen
1371 2548 1506 2573 omnes
1525 2536 1577 2573 ad
1595 2537 1765 2583 speciem
1783 2536 1988 2583 polymor-

301 2582 394 2618 ham
413 2583 767 2620 reducendae?Var.
793 2583 816 2631 β
837 2586 874 2619 et
890 2599 911 2630 γ
930 2585 1076 2620 sistunt
1093 2585 1240 2621 formas
1259 2585 1407 2621 corolla
1424 2585 1576 2631 majori,
1596 2585 1837 2620 variationes
1856 2583 1991 2630 paral·

290 2629 361 2665 elae
381 2631 420 2666 in
441 2630 529 2666 aliis
546 2630 752 2677 speciebus
771 2632 924 2677 generis
945 2632 1218 2668 observantur.

330 2752 369 2792 6.
404 2750 476 2792 Μ.
510 2750 736 2805 pusilla
771 2750 907 2806 (Lois.
930 2752 976 2794 in
1004 2752 1135 2796 Desv.
1162 2752 1318 2796 Journ.
1346 2753 1398 2804 ΙΙ,
1433 2765 1473 2807 p.
1508 2753 1607 2804 260,
1635 2752 1720 2795 tab.
1749 2752 1796 2808 8)
1823 2765 1990 2810 annua,

273 2809 375 2863 pilis
400 2810 730 2864 erecto-patulis
751 2812 804 2852 ad
821 2810 1191 2855 inflorescentiam
1215 2813 1440 2867 adpressis
1458 2813 1627 2867 hispida
1646 2811 1812 2867 pumila
1833 2825 1857 2854 a
1879 2812 1988 2854 collo

272 2868 537 2911 brevissime
564 2881 752 2922 ramosa,
774 2870 890 2912 foliis
914 2870 1177 2914 radicalibus
1201 2871 1397 2915 obovatis
1421 2871 1581 2914 rameis
1610 2871 1758 2926 paucis
1785 2870 1986 2924 ellipticis

273 2927 455 2977 obtusis,
481 2928 666 2970 racemis
694 2928 933 2972 fructiferis
960 2929 1071 2973 laxis
1103 2933 1228 2986 parte
1258 2931 1463 2974 inferiore
1490 2930 1736 2981 bracteatis,
1762 2930 1988 2984 pedicellis
