2100 3262
306 323 376 359 222
1015 327 1296 354 BORRAGINEAE.
1818 318 1986 357 Moltkz'a
1995 349 2005 357 .

359 402 457 438 Hab.
489 402 528 437 in
559 400 672 445 Syria
701 409 822 446 prope
843 398 989 434 Aintab
1021 400 1057 433 et
1088 397 1202 432 Nisib
1233 397 1458 442 (Hausskl),
1486 398 1535 433 acl
1563 398 1701 442 Djebel
1721 399 1848 434 Abiad
1867 399 2012 436 deserti

310 450 460 495 Syriaci
475 448 523 483 ad
539 447 765 492 Palmyram
784 445 847 490 [Bl
859 448 894 490 l),
911 445 1097 480 Armenia
1112 444 1273 480 Rossica
1289 444 1485 488 (Buhsel),
1503 445 1849 491 Ibe1·ia.(Hohenl)5
1864 446 2015 483 Persiae

310 507 419 543 prov.
443 494 683 540 Aderbidjan
705 494 868 538 (Szovll,
886 493 987 528 inter
1003 492 1183 527 Teheran
1203 494 1240 527 et
1258 491 1397 527 Tabris
1418 491 1563 537 (Bgei).

357 560 397 594 In
418 559 487 594 hac
511 558 636 604 specie
658 560 699 592 ut
716 557 825 603 prob.
844 557 885 592 in
903 555 1190 601 congeneribus
1218 555 1403 590 omnibus
1422 556 1549 591 forma
1569 555 1766 600 vulgatior
1784 557 1901 592 habet
1923 557 2010 593 fila-

310 610 441 642 menta
477 608 630 640 exserta
662 605 767 649 stylo
799 605 867 639 vix
897 607 1091 650 superata,
1114 603 1181 638 sed
1212 603 1338 638 rarius
1376 603 1542 638 occurrit
1574 603 1702 639 forma
1734 603 2011 649 brachyantha

312 653 458 688 corolla
476 653 554 687 fere
572 651 693 697 duplo
712 652 904 694 breviore,
922 650 1175 685 antberarum
1195 650 1304 696 apice
1321 649 1508 685 corollam
1531 650 1599 685 vix
1621 654 1829 697 superante
1847 654 1883 687 et
1904 652 2013 697 stylo

312 701 512 746 elongat03
532 699 615 734 haec
633 698 689 734 M.
716 702 955 745 punc-catam
974 697 1110 733 Lebm.
1133 698 1234 732 sistit
1256 707 1344 743 quae
1363 697 1573 743 nequidem
1593 699 1774 733 varietas.

373 832 411 872 3.
445 830 516 872 M.
545 827 938 883 anqustifolia
973 828 1072 882 (oe.
1111 826 1263 868 Prodr.
1292 826 1344 870 X,
1375 840 1413 880 p.
1443 826 1520 881 72]
1559 827 1836 870 suffr-uticosa
1869 829 2016 871 multi-

314 889 448 931 caulis
476 888 580 931 setis
604 887 954 941 adpressissimis
983 886 1197 940 asperula,
1233 885 1431 928 caulibus
1462 886 1618 928 erectis
1646 886 1797 939 rigidis
1824 888 2016 931 tenuiter

314 948 507 1000 virgatis.
544 947 657 989 foliis
696 950 877 1000 anguste
912 945 1149 988 linearibus
1185 945 1353 987 obtusis
1390 944 1614 997 elongatis.
1646 945 1827 988 racemis
1866 947 2018 1001 paucis

315 1006 618 1048 terminalibus
642 1006 879 1048 fructiferis
905 1004 1198 1058 subelongatis
1221 1004 1383 1056 densis,
1403 1003 1590 1046 bracteis
1610 1004 1849 1047 linearibus
1872 1006 2015 1060 calyce

316 1066 389 1107 vix
425 1064 886 1118 long101·ibus‚calycis
922 1064 1087 1106 laciniis
1118 1063 1357 1105 linearibus
1395 1062 1577 1109 obtusis,
1607 1064 1778 1106 corollae
1818 1066 2016 1107 caeruleae

315 1125 617 1178 glabiiusculae
639 1125 782 1176 calyce
807 1123 1052 1177 quadruplo
1076 1122 1282 1175 longioris
1305 1122 1408 1164 tubo
1427 1122 1547 1165 tenui
1573 1123 1615 1164 in
1644 1123 1826 1166 limbum
1842 1124 2015 1166 brevio-

313 1195 406 1225 rem
434 1183 594 1225 sensim
619 1183 834 1236 ampliato,
863 1181 1096 1224 filamentis
1120 1181 1319 1223 exsertis.
1343 1181 1514 1224 nucnlis
1538 1179 1828 1237 (junioribus)
1852 1183 2019 1225 scrobi-

316 1242 653 1295 culato-rugosis
677 1248 710 1289 5.
742 1240 929 1283 Eritium
952 1240 1236 1293 longiflormn
1262 1240 1421 1283 Bertoi.
1449 1240 1566 1282 Misc.
1596 1242 1627 1292 1,
1656 1254 1693 1295 p.
1721 1242 1796 1283 15!

364 1315 461 1350 Hal).
486 1317 523 1350 in
553 1316 715 1360 Assyria
743 1315 873 1359 (Oliv.,
894 1316 1018 1351 Auch.
1043 1314 1188 1358 2390st
1213 1315 1262 1349 ad
1290 1315 1532 1361 Euphratem
1554 1315 1752 1361 (Chesnl),
1773 1316 1812 1352 in
1832 1318 2017 1354 cretaceis

316 1363 455 1398 deserti
471 1363 519 1397 ad
539 1363 686 1398 radices
706 1364 851 1398 montis
870 1363 1025 1409 SindJar
1046 1362 1272 1405 (Hausskll.

366 1426 501 1461 Diii'ert
517 1437 539 1461 a
556 1426 797 1472 praecedente
812 1426 989 1462 caulibus
1005 1425 1251 1462 tenuioribus
1266 1425 1343 1461 tere
1362 1425 1583 1472 pedalibus,
1598 1426 1704 1462 foliis
1720 1428 2019 1473 augustioribus

316 1473 562 1518 longioribus
594 1474 670 1510 (1-1
691 1474 731 1515 ¹s2
762 1473 853 1520 poll.
885 1473 1015 1520 longis
1047 1474 1105 1509 1-1
1129 1474 1169 1514 Ἢ
1194 1472 1262 1508 lin.
1298 1473 1417 1518 latis),
1450 1473 1610 1509 corollae
1641 1475 1736 1510 tubo
1769 1475 1916 1511 sensim
1945 1486 2017 1511 nec

315 1520 480 1566 abrupte
499 1520 698 1567 ampliato.

378 1652 413 1691 si.
450 1650 519 1692 M.
554 1660 735 1693 aurea
768 1651 928 1698 (Boiss.
959 1651 1109 1704 Diagn.
1141 1651 1235 1692 Ser.
1270 1652 1300 1696 Ι,
1328 1652 1367 1693 4.
1395 1663 1433 1704 p.
1464 1649 1537 1704 49)
1566 1649 1845 1692 suffruticosa
1871 1651 2020 1693 multi-

319 1709 454 1752 caulis
482 1713 567 1751 tota
599 1710 936 1763 adpressissime
961 1711 1151 1752 setulosa
1180 1711 1398 1763 asperula,
1433 1709 1630 1751 caulibus
1657 1710 1814 1752 erectis
1841 1710 2021 1763 pumilis

320 1769 468 1811 stricte
489 1773 531 1809 et
559 1768 709 1811 crebre
737 1769 915 1817 foliosis,
945 1769 1056 1811 foliis
1089 1769 1352 1811 radicalibus
1381 1768 1576 1821 oblongis
1603 1769 1647 1810 in
1676 1768 1881 1822 petiolum
1911 1772 2019 1812 atte-

319 1828 478 1875 nuatisq
499 1827 681 1870 caulinis
706 1829 936 1870 sessilibus
959 1828 1385 1870 lineari-lanceolatis
1412 1827 1708 1879 acutiusculis,
1727 1828 1910 1870 racemis
1930 1832 2019 1871 ter-

320 1886 553 1928 minalibus
601 1888 673 1928 ⁴2-'3
719 1887 922 1929 floriferis
966 1887 1480 1941 capitato-scorpioideis
1531 1886 1767 1929 fructiferis
1808 1887 2020 1941 elongatis

317 1945 588 1991 laxiusculis‚
620 1946 805 1988 bracteis
833 1946 962 2000 calyci
993 1947 1259 2001 aeqtiilongis„
1289 1947 1447 2000 calycis
1475 1945 1642 1987 laciniis
1666 1945 1859 1988 breviter
1886 1947 2017 1989 linea-

317 2005 440 2046 ribus
465 2003 646 2053 obtusis.r
671 2006 844 2048 corollae
866 2017 1010 2047 aureae
1033 2005 1193 2059 glabrae
1215 2006 1320 2048 tubo
1344 2006 1487 2059 calyce
1506 2005 1578 2047 vix
1601 2004 1733 2058 duplo
1760 2005 1950 2059 longiore
1973 2005 2018 2047 in

319 2063 496 2104 limbum
523 2067 697 2105 ovatum
723 2077 772 2106 eo
802 2063 1130 2106 subbreviorem
1159 2064 1344 2118 abrupte
1368 2064 1585 2117 ampliato,
1610 2063 1842 2107 filamentis
1869 2076 2018 2107 exser-

316 2122 386 2164 tis.
406 2123 579 2164 nuculis
596 2123 754 2165 crassis
777 2123 933 2165 albidis
956 2123 1483 2177 scrobiculato-punctatis
1507 2123 1579 2165 vix
1606 2124 1776 2176 rugo'sis
1795 2125 2020 2177 angulato-

317 2182 456 2222 ovatis
485 2182 554 2222 vix
584 2183 785 2224 rostratis
812 2183 903 2224 basi
931 2183 1172 2234 angustatis
1197 2192 1232 2230 5.

368 2254 468 2289 Hab.
488 2256 526 2289 in
546 2254 712 2290 collibus
734 2255 857 2290 Cariae
872 2255 1079 2299 (Pinardi),
1093 2255 1221 2301 Lycife
1275 2266 1356 2337 ople
1372 2255 1529 2291 Elmalu
1546 2254 1706 2302 (Bourg.
1725 2256 1846 2300 1921),
1861 2255 2020 2292 Pisidiae

1288 2312 1301 2347 t

317 2311 445 2392 pgope
465 2301 667 2384 Ιῖξῖυξὺἰομι·
692 2306 728 2338 et
755 2302 805 2337 ad
831 2302 979 2338 radices
1006 2267 1275 2348 Davrosdaglb1
1346 2303 1475 2348 eidi-l),
1493 2303 1676 2349 Phrygiae
1707 2313 1826 2350 prope
1855 2302 2020 2338 Oucbak

371 2359 393 2382 a
421 2365 458 2385 Η».
527 2368 563 2384 ,2
595 2361 644 2385 ai.

364 2410 518 2457 Species
542 2412 707 2458 pulchra
725 2424 748 2447 a
772 2413 1080 2459 praecedentibus
1099 2413 1226 2448 colore
1248 2413 1401 2457 florum,
1428 2413 1584 2449 corollae
1610 2413 1703 2449 tubo
1730 2413 1962 2456 abbreviato
1982 2414 2022 2448 et

318 2458 472 2494 nuculis
496 2469 573 2494 nou
592 2453 956 2495 rostrato-incurvis
974 2459 1168 2495 distincta.

424 2597 690 2647 zwselfflu
719 2599 904 2659 (sentim.
935 2600 975 2646 in
1006 2599 1128 2647 Rebi».
1157 2600 1210 2647 lc.
1237 2601 1372 2647 Germ.
1401 2600 1540 2656 xviii,
1570 2614 1605 2661 p.
1636 2600 1707 2655 65,
1738 2604 1765 2648 t.
1795 2599 1910 2661 115).

378 2740 509 2794 Calyx
533 2742 931 2795 quinquepartitus.
954 2740 1121 2785 Corolia
1148 2742 1568 2786 infundibulil'orinis
1594 2742 1721 2784 limbo
1744 2741 1960 2797 profunde
1980 2744 2023 2783 et

318 2799 676 2854 subinaequaliter
723 2801 1020 2855 quinquefido.
1056 2801 1160 2844 tubo
1205 2801 1320 2843 inter
1363 2801 1682 2845 filamentorum
1728 2802 1855 2843 bases
1899 2800 2021 2854 plicis

319 2859 499 2901 minutis
519 2860 783 2902 transversis
803 2860 956 2903 obsito.
982 2860 1219 2902 Filamenta
1243 2861 1286 2902 in
1312 2860 1422 2902 ostio
1445 2859 1705 2901 brevissima
1725 2860 1777 2901 ad
1796 2859 2020 2902 antberam

320 2918 448 2971 paulo
473 2930 607 2972 supra
631 2918 754 2960 basin
781 2919 924 2969 affixa,
947 2919 1140 2961 antberae
1166 2923 1301 2962 ovatae
1322 2919 1416 2961 basi
1441 2918 1683 2961 obcordatae
1701 2919 1821 2972 apice
1842 2929 2023 2961 connec-

318 2977 406 3019 tivo
452 2977 659 3030 apiculari
703 2978 852 3021 obsitae
893 2978 945 3020 ad
989 2978 1228 3021 loculorum
1272 2977 1489 3031 margines
1530 2977 2020 3020 crenulato-fimbriatae.

319 3036 482 3088 Stigma
511 3036 676 3079 minute
707 3037 1177 3091 capitato-truncatum.
1210 3036 1390 3080 Nuculae
1420 3037 1806 3090 ovoideo-trigonae
1832 3037 1950 3090 apice
1976 3036 2020 3077 in

320 3099 513 3137 rostrum
542 3107 699 3149 anceps
724 3099 959 3138 attenuatae
986 3097 1152 3138 minute
1178 3096 1710 3139 tuberculato-reticulata!
1736 3096 1878 3138 areola
1908 3095 2022 3137 basi-
