2100 3262
304 205 397 245 ‘1064
1001 220 1285 248 SANTALACEAE.
1801 212 1983 252 Thesium
1990 242 2000 251 .

304 325 316 336 “
332 327 341 337 ”
371 325 462 360 Nux
483 325 583 360 inter
597 334 739 360 nervos
757 325 1068 371 longitudinales
1089 327 1265 363 nervulis
1285 328 1460 373 obliquis
1482 329 1519 363 et
1537 328 1771 364 transversis
1788 331 2006 368 reticulata.

978 412 1019 451 -ί-
1048 408 1337 454 Monocarpica.

371 506 436 546 ll.
472 505 512 546 T
555 515 965 559 compressum
991 506 1150 561 (Boiss.
1179 511 1221 553 et
1244 507 1390 549 Heldr.
1411 508 1562 560 Diagn.
1585 506 1676 549 Ser.
1706 507 1736 556 Ι,
1756 508 1816 558 12,
1840 519 1863 561 p
1903 509 2004 558 104)

304 563 668 617 monor-arpicum.
692 563 831 606 radice
860 566 1069 611 verticali,
1089 567 1195 608 collo
1221 566 1472 614 mullicauli,
1492 565 1687 608 caulibus
1715 566 1940 609 declinatis
1963 572 2006 610 et

305 622 565 664 intermedio
594 626 736 666 ereclo
768 624 970 667 omnibus
1002 625 1178 677 virgatis
1206 625 1374 666 inferne
1411 637 1534 678 parce
1563 625 1746 667 ramosis
1782 638 2003 669 ramorum

303 681 582 723 decurrentia
609 682 820 733 angulatis
854 684 1117 736 compressis
1146 683 1186 724 in
1227 684 1366 737 spicas
1397 685 1542 737 longas
1578 684 1858 726 tenuissimas
1885 685 2002 728 laxas

298 740 583 789 abeuntibus,
621 740 731 781 foliis
766 743 1010 784 carnosulis
1043 742 1232 784 enerviis
1270 743 1506 784 linearibus
1542 742 1679 784 aculis
1719 744 2001 796 mucronalis‚

307 798 490 841 floribus
532 799 711 841 minutis
761 800 1076 844 subsessilibns
1114 801 1328 844 tubulosis
1367 805 1525 854 praeter
1566 801 1740 844 infimos
1783 802 2002 845 interdum

304 857 483 899 2-3-nos
524 858 743 907 solitariis,
790 858 976 901 bracteis
1024 860 1409 915 squamiformibns
1453 860 1700 903 lanceolatis
1748 862 2002 904 acuminatis

301 920 464 968 praeter
495 928 567 958 eas
598 916 754 958 florum
788 918 1038 961 infimorum
1078 930 1185 960 nuce
1223 920 1357 962 multo
1394 919 1689 969 brevioribus,
1728 931 1837 961 nuce
1869 922 2002 973 parva

304 974 498 1017 breviter
537 975 789 1028 pedicellata
816 977 996 1030 oblonga
1034 977 1175 1019 albida
1209 977 1323 1020 inter
1355 990 1514 1019 nervos
1549 978 1741 1020 tenuiter
1776 979 2002 1021 reticulata

304 1034 514 1087 perigenii
551 1034 661 1076 lobis
695 1036 737 1077 in
774 1036 1003 1078 umbonem
1042 1039 1273 1089 angustum
1310 1039 1358 1080 ea
1395 1037 1625 1091 quintuplo
1658 1038 1900 1080 breviorem
1930 1051 2002 1080 su-

301 1095 454 1145 perata
487 1097 550 1142 Θ.

350 1166 451 1202 Hab.
479 1168 520 1202 in
547 1168 663 1203 salsis
691 1168 834 1212 hyeme
864 1169 1067 1205 inundatis
1094 1170 1287 1206 Anatoliae
1318 1170 1515 1216 centralis,
1546 1170 1731 1216 planities
1753 1170 1874 1206 Iconii
1904 1171 2005 1206 inter

302 1214 441 1262 urbem
463 1217 500 1249 et
519 1218 693 1250 montem
712 1216 924 1262 Karadagh
946 1217 1135 1263 (HeldrU,
1160 1221 1273 1265 prata
1291 1217 1395 1253 salsa
1416 1217 1464 1252 ad
1486 1218 1728 1253 occidentem
1749 1217 1936 1253 Caesareae
1960 1218 2002 1253 in

302 1261 554 1307 Cappadocia
574 1262 677 1305 [Bal.
695 1263 787 1298 1031)
800 1265 836 1307 l).

354 1317 498 1352 Gaulos
517 1328 605 1353 cum
624 1328 778 1354 racemo
799 1319 1091 1366 6-10-pollioari
1119 1320 1287 1367 pedales,
1321 1320 1416 1355 folia
1441 1320 1529 1356 6-10
1553 1320 1680 1356 lineas
1706 1320 1826 1366 longa
1853 1319 1999 1361 lineam

307 1363 397 1409 lata,
419 1365 532 1399 llores
553 1364 664 1401 lineae
686 1366 726 1409 Ὗ.
746 1366 866 1412 longi,
888 1378 969 1402 nux
990 1369 1056 1402 vix
1079 1367 1225 1403 lineam
1242 1367 1372 1413 longa.

377 1466 434 1506 12.
467 1464 520 1505 Τ.
546 1463 1027 1520 heterophyllum
1060 1465 1217 1522 (Boiss.
1246 1468 1356 1509 Ann.
1393 1466 1461 1509 Sc.
1495 1465 1590 1509 Nat.
1619 1466 1715 1510 Ser.
1746 1467 1818 1516 IV,
1851 1467 1930 1509 vol.
1961 1468 2001 1515 ⁰2,

306 1536 343 1576 p.
374 1524 478 1573 354)
503 1524 672 1571 bienne,
699 1526 841 1567 radice
870 1526 1077 1577 verticali,
1104 1527 1299 1569 caulibus
1324 1539 1346 1568 e
1369 1527 1476 1569 collo
1511 1526 1713 1580 pluribus
1737 1527 2001 1569 crassiuscu-

305 1582 356 1623 lis
382 1582 740 1625 decumbentibus
767 1584 1117 1627 striato-sulcatis
1142 1585 1411 1639 simplicibus
1437 1587 1503 1627 vel
1536 1598 1662 1638 parce
1689 1590 1730 1628 et
1758 1586 1998 1628 dichotome

300 1641 500 1688 ramosis,
533 1643 711 1684 ramulis
736 1642 1010 1685 brevissimis
1037 1645 1196 1686 crassis
1226 1645 1451 1687 confertim
1478 1645 1697 1687 3-5—fl0ris
1730 1646 1771 1687 in
1808 1655 2000 1687 racemos

296 1699 567 1742 laxinsculos
604 1701 838 1754 dispositis,
866 1702 975 1744 foliis
1006 1701 1265 1746 radicalibus
1302 1704 1506 1746 rosulatis
1538 1705 1767 1746 sessilibus
1799 1705 1851 1746 ob
1871 1715 1998 1755 ongo-

304 1759 552 1800 lanreolatis
599 1760 891 1811 snbenerviis‚
938 1762 1120 1804 caulinis
1160 1762 1584 1805 lineari-subfalcntis
1629 1763 1765 1805 acutis
1810 1763 2000 1815 margine

301 1816 769 1869 denliculalo-scalnis,
812 1820 981 1862 bractea
1021 1821 1339 1877 bracteolisque
1380 1821 1627 1865 lanceolatis
1669 1822 1881 1864 scabridis
1925 1820 1998 1862 illa

302 1876 444 1918 fructu
478 1879 611 1920 multo
640 1879 846 1931 longiore,
876 1881 1034 1921 nucula
1058 1881 1242 1934 elliptica
1272 1883 1384 1924 inter
1411 1893 1569 1923 nervos
1598 1881 1822 1924 reticulata
1852 1879 1999 1933 stipite

302 1947 382 1977 sno
425 1936 670 1990 quadruplo
711 1938 900 1989 longiore
944 1939 1105 1982 laciniis
1152 1941 1360 1993 perigonii
1403 1940 1596 1993 margine
1637 1940 1878 1982 convolutis
1923 1937 1999 1982 sed

297 1995 434 2049 >rectis
468 1996 802 2038 conniventibus
828 1999 876 2039 ea
910 1997 1084 2040 dimidio
1118 1999 1393 2042 brevioribus
1433 2001 1640 2053 superata
1667 2004 1731 2050 O.
1769 2000 1822 2042 Ic.
1846 1997 1996 2040 chib.

302 2052 410 2106 Voy.
441 2055 509 2096 39.

347 2128 448 2164 Hah.
464 2131 502 2164 in
522 2130 643 2166 aridis
665 2130 849 2167 calcareis
867 2133 1037 2177 regionis
1057 2136 1265 2177 montanae,
1289 2134 1542 2180 Cappadocia
1558 2133 1607 2169 ad
1622 2134 1843 2169 Caesaream
1859 2132 1997 2178 (Ball),

295 2174 489 2211 Cataonia
520 2178 617 2212 inter
651 2178 832 2214 Albistan
866 2182 902 2214 et
939 2181 1080 2215 Gurun
1112 2181 1252 2225 (Tobib
1263 2182 1287 2225 l)
1319 2185 1357 2216 et
1393 2192 1514 2227 prope
1542 2181 1738 2217 Adiaman
1772 2179 1996 2224 (Hausskl)‚

296 2221 435 2258 Cilicia
454 2224 505 2259 ad
525 2225 655 2260 Gulek
674 2226 830 2271 Bogliaz
849 2227 983 2272 (Ball),
1005 2229 1181 2263 Amanus
1202 2239 1323 2275 supra
1340 2229 1476 2264 Beilan
1495 2229 1598 2264 40n0'
1620 2229 1713 2274 (ΚΥ.
1733 2228 1825 2273 631).

355 2289 400 2342 β.
426 2289 694 2332 Billardieri.
729 2317 775 2322 ⁷—
800 2292 915 2334 Folia
943 2293 1141 2336 radicalia
1173 2294 1381 2337 diminuta
1419 2298 1544 2337 ovata
1575 2294 1913 2348 squamiformia.
1943 2318 1994 2324 -

301 2347 345 2388 Τ.
374 2347 631 2391 Billardierz'
654 2349 793 2393 Boiss.
815 2352 968 2405 Diagn.
997 2352 1088 2396 Ser.
1113 2353 1145 2402 ἶ,
1167 2354 1207 2400 5,
1233 2366 1271 2406 p.
1294 2354 1366 2395 48.
1390 2353 1469 2395 Vix
1494 2354 1694 2396 varietas.

347 2420 447 2457 Hah.
466 2422 505 2456 in
527 2422 651 2468 Syriae
670 2424 838 2459 collibus
858 2425 1013 2460 Elmalu
1037 2426 1200 2472 (Boni-g.
1220 2427 1338 2472 2441),
1369 2429 1410 2463 in
1442 2427 1627 2472 Phrygiae
1655 2429 1788 2462 monte
1822 2425 1997 2471 Bulghas

294 2467 414 2513 Dagh
433 2469 571 2515 (BaU),
595 2471 643 2506 ad
662 2471 792 2507 Tokat
810 2472 1005 2517 (Pestass),
1025 2474 1066 2508 in
1085 2474 1320 2510 Antilibano
1337 2474 1490 2519 (Labill
1502 2476 1538 2518 l).

346 2524 489 2559 Caules
506 2526 836 2573 6-12-p0llicares‚
858 2528 1157 2565 foliaradicalia
1175 2540 1277 2576 saepe
1300 2530 1504 2577 pollicaria
1521 2529 1588 2564 3-4
1610 2529 1677 2565 lin.
1699 2529 1790 2573 lata,
1812 2529 1925 2564 flores
1945 2527 1993 2563 ad

292 2571 472 2606 ,ramulos
494 2573 647 2609 florales
667 2575 924 2611 brevissimos
944 2575 1171 2621 fasciculam,
1190 2588 1271 2613 nux
1292 2588 1380 2613 cuin
1403 2578 1607 2624 perigonio
1627 2577 1648 2611 2
1666 2576 1790 2611 lineas
1812 2576 1944 2620 longa.

364 2671 425 2712 13.
462 2671 512 2713 T.
541 2671 764 2715 humile
788 2672 913 2728 (Vabl
941 2674 1085 2727 S’ymb.
1112 2676 1150 2721 3,
1179 2689 1219 2730 p.
1247 2674 1323 2730 43)
1355 2675 1719 2728 monocarpicum‚
1749 2674 1944 2715 caulibus
1968 2685 1990 2715 e

292 2729 442 2771 'radice
460 2731 577 2772 tenui
600 2731 789 2774 verticali
811 2732 949 2775 divisa
968 2736 1215 2776 numerosis
1233 2735 1389 2778 ereclis
1413 2739 1453 2776 et
1472 2733 1808 2776 ascendentibus
1835 2732 1993 2785 saepius

297 2790 481 2830 ramosis
519 2791 902 2842 angulato—strIalis
932 2793 1083 2835 crebre
1121 2793 1280 2836 foliosis
1321 2794 1364 2835 in
1404 2796 1544 2846 spicas
1583 2794 1804 2845 elongatas
1842 2795 1993 2833 tennes

294 2847 574 2892 abeuntibus,
623 2850 735 2891 foliis
782 2850 1015 2892 linearibus
1061 2853 1302 2896 nninerviis
1341 2851 1743 2895 serrulam-scabris
1792 2850 1994 2892 inferiore

290 2905 545 2957 longissima
568 2908 817 2951 lateralibus
841 2910 1029 2952 fructum
1052 2912 1376 2965 superantibus,
1397 2911 1579 2953 floribus
1603 2912 1762 2963 parvis,
1784 2908 1991 2962 pet-igonii

296 2965 407 3006 iobis
434 2966 626 3008 breviter
660 2969 814 3020 ovans,
842 2969 996 3012 nucula
1025 2970 1277 3024 ellipsoidea
1310 2971 1381 3012 vix
1414 2970 1608 3023 stipitala
1639 2968 1747 3012 lobis
1783 2967 1993 3022 perigonii
