2100 3262
259 195 329 232 116
931 194 1298 222 CONVOLVULACEAE.
1769 183 1954 222 caseata.

257 280 333 321 loc.
363 277 430 319 cit.
459 288 499 330 p.
531 274 624 316 128.
654 296 709 301 —
744 270 1012 314 Praecedenti
1048 269 1188 312 affinis
1223 269 1298 311 sed
1327 269 1449 322 calyx
1485 269 1655 312 corollae
1680 268 1962 323 proportione

258 337 435 379 brevior
457 337 500 376 et
522 333 653 375 flores
679 330 927 373 distinctius
951 328 1210 383 pedicellati.

306 408 408 444 Hab.
430 408 470 443 in
488 405 648 452 regione
667 404 802 451 alpina
818 402 1002 439 Parnassi
1020 402 1071 438 ad
1090 401 1302 450 Daphnem
1320 401 1560 448 baxz'folz'am
1588 401 1796 448 parasitica
1816 400 1960 447 (Orphl

260 456 429 500 Guiccl).

319 522 354 565 ὃ.
391 517 649 561 micrantha.
673 541 732 547 —-
757 517 908 560 Flores
940 516 1133 559 minores
1175 527 1350 570 semper
1386 515 1589 566 sessiles‚
1628 515 1751 569 calyx
1790 513 1963 557 corollae

260 582 412 623 tubum
438 577 717 632 subaequans.
736 577 829 631 ejus
851 578 893 618 et
910 575 1081 618 corollae
1099 574 1185 619 lobi
1207 575 1435 618 acutiores.
1454 599 1508 604 ——
1533 573 1573 617 C.
1599 572 1698 615 alba
1721 573 1842 616 Presl
1868 572 1963 615 Del.

260 639 382 692 Prag.
412 638 482 680 87.
513 661 560 667 —
591 636 633 678 C.
664 634 906 689 planiflora
940 634 1058 677 Koch
1082 634 1183 689 Syn.
1211 645 1266 676 ex
1288 633 1492 687 Engelm:
1512 646 1598 676 non
1625 633 1809 676 Tenore.
1836 657 1886 663 ——
1916 631 1959 674 C.

265 696 470 748 Kotschyi
495 696 717 738 Desmoul.
745 707 831 737 non
858 693 996 737 Boiss.
1019 693 1172 736 Planta
1198 705 1312 747 saepe
1335 692 1518 736 rubella.

307 771 408 806 Hah.
428 770 469 806 in
487 769 690 805 montibus
713 768 876 805 Graeciae
896 770 933 803 et
952 767 1192 803 Macedoniae
1210 768 1277 812 (ex
1295 765 1575 812 Engelmann).

306 835 365 870 Ar.
386 834 520 880 Geoqr.
550 833 708 879 Europa
727 831 858 868 omnis
877 831 930 866 ab
953 830 1099 876 Anglia
1126 832 1162 866 et
1190 825 1320 866 Dania
1348 830 1396 865 ad
1417 829 1599 865 Rossiam
1618 829 1805 874 mediam,
1821 828 1965 864 Sihiria

261 880 424 926 Altaica.
443 881 574 917 Africa
593 879 776 915 borealis.

321 1005 359 1046 Ξ.
394 1003 450 1046 C.
480 1001 805 1059 planiflora
831 1002 942 1056 (Ten
988 1001 1094 1056 Syll.
1124 1014 1164 1056 p.
1198 1003 1289 1043 128.
1321 1026 1369 1032 -
1396 1000 1458 1043 Fl.
1486 1000 1620 1055 Neap.
1642 1002 1731 1044 tab.
1763 1001 1864 1051 220,
1891 1001 1961 1054 fig.

262 1065 286 1105 3
330 1086 386 1092 -—
409 1062 604 1116 Eugelm.
634 1060 757 1104 Cusc.
792 1073 834 1115 p.
866 1060 933 1113 14)
959 1061 1079 1103 caule
1104 1072 1292 1111 ramoso,
1318 1060 1504 1103 floribus
1531 1060 1758 1104 sessilibus
1782 1060 1825 1102 in
1853 1060 1966 1114 capi-

260 1123 350 1165 tula
373 1122 552 1175 globosa
584 1120 821 1163 multiflora
850 1119 1090 1174 dispositis,
1116 1119 1272 1173 calycis
1297 1119 1405 1161 lobis
1432 1118 1760 1171 obtusiusculis‚
1794 1119 1966 1163 corollae

263 1181 500 1223 scutellatae
523 1179 655 1222 limbo
681 1179 785 1222 tubo
810 1179 1004 1233 longiore
1031 1178 1158 1221 valde
1183 1190 1376 1233 expanso
1399 1181 1540 1221 rotato
1565 1177 1675 1221 lobis
1700 1179 1839 1222 ovatis
1868 1177 1966 1220 bre-

261 1240 374 1281 viter
400 1239 658 1282 acuminatis
683 1238 864 1288 obtusis,
889 1238 1131 1293 squamulis
1159 1237 1498 1280 conniventibus
1524 1237 1752 1280 fimbriatis
1781 1242 1845 1289 ω.

309 1313 465 1359 Species
482 1323 529 1348 ex
546 1312 591 1348 cl.
609 1311 858 1358 Engelmann
888 1312 1067 1347 omnium
1096 1311 1267 1347 maxime
1287 1311 1493 1347 variabilis
1512 1314 1549 1347 et
1569 1312 1681 1357 cuius
1707 1311 1842 1347 formae
1864 1321 1968 1347 non-

262 1360 382 1396 nullae
398 1370 443 1396 ex
459 1360 545 1407 ipso
560 1369 583 1394 a
596 1358 634 1395 C.
647 1358 858 1406 Epz'thymo
875 1368 977 1405 aegre
991 1359 1282 1403 discernuntur;
1301 1358 1431 1394 differt
1444 1358 1601 1395 corollae
1616 1358 1829 1395 subrotatae
1844 1358 1967 1394 limbo

260 1408 348 1442 tubi
367 1407 619 1454 proportione
635 1406 811 1452 longiore
830 1406 946 1442 valde
965 1416 1139 1453 expanso
1153 1405 1256 1442 lobis
1276 1406 1559 1452 obtusior-ibus,
1577 1405 1816 1442 staminibus
1835 1409 1873 1442 et
1887 1409 1967 1452 sty-

262 1455 310 1490 lis
330 1456 379 1490 ob
397 1453 589 1490 corollam
616 1463 832 1501 expansam
860 1453 985 1499 magis
1015 1454 1188 1489 exsertis.
1208 1452 1535 1489 probabilissime
1556 1453 1674 1500 hujus
1692 1453 1877 1497 varietas,
1896 1452 1966 1489 sed

264 1512 330 1537 eas
349 1502 461 1537 vivas
480 1511 559 1537 non
577 1501 804 1548 comparavi
824 1502 860 1536 et
878 1504 1057 1536 auctores
1075 1511 1229 1547 sequor.
1253 1500 1310 1537 Ea
1328 1501 1368 1536 in
1388 1499 1545 1537 Oriente
1564 1500 1690 1536 multo
1708 1500 1908 1546 vulgatior
1930 1503 1967 1536 et

264 1549 399 1584 formae
419 1552 626 1596 sequentes
646 1550 853 1584 occurrunt
870 1548 960 1595 plus
980 1548 1162 1584 minusve
1182 1548 1305 1584 altera
1322 1548 1361 1583 in
1375 1547 1547 1599 alteram
1568 1550 1823 1584 transeuntes.

323 1633 361 1656 α.
399 1613 575 1656 Tenorii
600 1613 791 1665 Engelm.
816 1614 891 1656 loc.
917 1613 984 1655 cit.
1008 1637 1065 1642 —-—
1092 1611 1259 1667 Calycis
1283 1617 1326 1656 et
1349 1614 1522 1656 corollae
1541 1614 1627 1657 lobi
1651 1614 1787 1657 crassi
1807 1612 1966 1667 turgidi

262 1673 382 1725 apice
421 1684 536 1726 saepe
574 1673 790 1725 cucullati,
813 1673 943 1715 flores
980 1672 1187 1724 minores.
1220 1673 1319 1727 styli
1356 1673 1503 1715 ovorio
1533 1674 1751 1727 longiores
1776 1672 1966 1726 capsulae

261 1732 494 1833 aequilongi¹
517 1732 585 1774 vcl
610 1731 848 1775 breviores.
872 1755 924 1762 —
946 1731 986 1773 C.
1011 1730 1110 1772 alba
1129 1731 1253 1774 Auct.
1288 1737 1331 1775 et
1363 1733 1643 1776 collectorum
1677 1732 1964 1786 plurimorum

260 1803 347 1833 non
372 1792 480 1833 Pres
502 1823 511 1833 .

321 1866 364 1919 β.
399 1866 711 1919 αρρνοωίφηαία
738 1866 839 1920 Eng.
867 1868 945 1910 loc.
968 1866 1039 1908 cit.
1065 1891 1113 1896 —-
1144 1865 1311 1921 Calycis
1331 1867 1417 1910 lobi
1435 1865 1753 1910 membranacei
1776 1866 1849 1908 vix
1870 1877 1969 1908 car-

262 1926 371 1975 nosi,
396 1926 567 1968 corollae
595 1925 676 1969 lobi
704 1925 823 1980 apice
848 1928 1018 1968 tantum
1038 1925 1212 1980 turgidi,
1236 1927 1366 1969 tlores
1390 1929 1433 1968 et
1456 1925 1641 1979 capitula
1667 1926 1844 1979 maj0ra,
1863 1924 1965 1978 styli

262 1985 410 2026 ovario
434 1985 570 2027 multo
603 1985 833 2038 longiores.
863 2009 917 2016 —
952 1984 993 2028 C.
1019 1984 1333 2038 approximata
1361 1985 1557 2039 Babingt.
1583 2009 1634 2015 -
1673 1984 1713 2027 0.
1743 1985 1969 2026 urceolam

263 2044 413 2085 Kunze
452 2043 565 2085 Flor.
596 2045 707 2086 1816
735 2057 776 2099 p.
804 2046 902 2087 651.
929 2069 987 2075 -
1020 2044 1060 2087 C.
1088 2044 1351 2097 Epispartos
1377 2044 1516 2087 Boiss.
1546 2047 1588 2086 et
1621 2043 1753 2097 Orph.
1781 2043 1883 2085 Mss.
1913 2067 1967 2073 —

264 2103 302 2144 G,
327 2101 625 2155 leeccosphaera
645 2102 780 2145 Boiss.
801 2107 843 2147 et
862 2103 1009 2147 Heldr.
1034 2104 1089 2158 pl.
1107 2115 1198 2146 exs.
1214 2127 1270 2134 -—-
1290 2103 1330 2146 C.
1350 2102 1644 2147 Sche'razz'ana
1661 2102 1798 2146 Boiss.
1815 2102 1965 2155 Diagn.

264 2161 355 2204 Ser.
384 2162 414 2207 Ι,
447 2163 570 2216 11,-p.
599 2163 654 2205 86
678 2162 834 2217 (forma
857 2163 1015 2217 calycis
1039 2166 1080 2205 et
1104 2163 1275 2207 corollae
1299 2163 1408 2206 tobis
1434 2161 1795 2217 angustioribus).

311 2236 410 2271 Hab.
431 2237 471 2272 in
486 2239 567 2273 tota
587 2236 745 2281 ditione,
760 2237 799 2272 in
815 2238 972 2283 regione
989 2239 1175 2273 montana
1193 2237 1433 2284 frequentior
1446 2247 1469 2272 a
1485 2236 1656 2273 Graecia!
1675 2235 1857 2271 Thracia!
1875 2234 1970 2270 Asia

264 2284 431 2319 minore!
460 2283 510 2319 ad
537 2284 691 2329 Syriam
718 2287 755 2320 et
784 2284 1115 2332 Mesopotamiam
1145 2284 1242 2331 (Kyl
1276 2284 1485 2329 Hausskl).
1515 2283 1733 2331 AEgyptum
1764 2281 1968 2327 (Fischer),

264 2330 439 2366 Persiam
459 2330 657 2367 borealem
673 2333 710 2367 et
727 2332 942 2368 australem
961 2332 1057 2378 (Kyl
1078 2332 1207 2378 Egel),
1227 2333 1407 2379 regiones
1427 2328 1967 2375 Caucasicasl‚Be111tschiam

264 2377 467 2423 (Stocksl)‚
486 2378 740 2425 Affghaniam
759 2379 920 2424 (Griffl).

310 2442 360 2477 Ar
399 2442 531 2488 Geoqr.
557 2441 702 2477 Insulae
721 2441 994 2488 Canarienses‚
1014 2443 1145 2479 Africa
1168 2443 1349 2487 boream,
1377 2443 1451 2478 His
1483 2443 1585 2482 ania,
1612 2440 1746 2478 Gallia
1773 2439 1969 2481 australis,

263 2488 375 2524 Italia
394 2494 431 2524 et
449 2489 593 2533 Sicilia,
625 2489 764 2536 Rossia
792 2491 991 2535 australis,
1025 2491 1229 2537 Songaria‚
1262 2491 1405 2526 Sibiria
1426 2492 1457 2525 A
1479 2491 1588 2535 mica,
1614 2490 1723 2535 regio
1750 2486 1968 2524 Himalaica

264 2536 526 2572 occidentalis.
544 2535 586 2572 ln
605 2536 804 2584 Europam
824 2537 994 2573 mediam
1015 2538 1212 2574 interdum
1232 2537 1462 2574 introducta.

333 2668 389 2712 C.
420 2667 745 2712 Palaestina
769 2669 933 2724 (Boiss.
960 2671 1117 2725 Diagn.
1155 2671 1246 2714 Ser.
1276 2671 1308 2722 l,
1347 2673 1410 2717 11,
1439 2673 1516 2726 86)
1554 2670 1751 2717 caulibus
1784 2668 1968 2711 ramosis

267 2727 512 2780 capillaccis
542 2728 664 2770 valde
689 2729 916 2782 intricans,
941 2730 1123 2773 floribus
1148 2731 1376 2773 sessilibus
1402 2733 1446 2772 in
1470 2730 1655 2784 capitula
1679 2729 1854 2771 minima
1880 2728 1969 2781 glo-

266 2787 458 2838 mesatis,
477 2787 635 2840 calycis
653 2788 871 2830 carnosuli
894 2788 1003 2831 lobis
1023 2789 1119 2831 latis
1136 2790 1346 2832 brevibus
1366 2788 1757 2832 carinato-costatis
1782 2786 1967 2839 obtusis.

266 2846 437 2887 corollae
462 2846 648 2899 calycem
678 2846 747 2889 vix
768 2847 1016 2890 excedentis
1042 2849 1151 2891 lobis
1177 2849 1371 2891 breviter
1395 2848 1534 2891 ovatis
1558 2847 1740 2899 obtusis,
1763 2857 1969 2900 squamu-

266 2903 317 2944 lis
349 2904 599 2957 majusculis
628 2906 710 2947 late
744 2906 1002 2960 spatllulafis
1031 2907 1323 2950 denticulatis.
1358 2908 1484 2961 stylis
1508 2906 1655 2949 orario
1679 2904 1970 2961 sululongiori·

265 2962 346 3003 bus
386 2968 448 3013 Θ.
494 2963 534 3005 C.
570 2963 734 3005 Cretiffl
773 2965 935 3008 Tourn.
978 2965 1076 3008 Cor.
1112 2968 1179 3008 45.
1207 2990 1262 2998 -
1302 2965 1340 3009 C.
1371 2965 1621 3008 mierantlea
1658 2965 1806 3006 Tinco.
1834 2985 1885 2994 -—
1921 2961 1964 3005 C.
