2100 3262
267 193 338 230 400
932 195 1029 221 sono
1035 194 1344 222 PHULARIACEAE.
1678 181 1978 228 Scroplzulart'a.

268 278 466 329 oblongis
482 272 576 317 basi
592 271 838 313 rotundatIS
863 270 927 311 vel
946 269 1132 313 obscure
1147 269 1336 311 cordatis
1352 267 1548 313 serratis,
1568 266 1979 321 paniculatelongata

270 334 544 390 subapliylla.
568 331 792 385 pedicellis
816 329 959 384 calyce
983 329 1250 381 longioribus
1269 339 1396 382 parce
1412 325 1700 379 glandulosis,
1721 326 1878 380 calycis
1892 327 1980 379 gla-

269 396 334 439 bri
362 393 526 437 laciniis
555 389 808 432 orbiculatis
829 389 911 430 late
938 387 1299 439 membranaceis,
1326 385 1485 428 corolla
1503 385 1870 434 viridi-brunnea,
1893 389 1979 428 sta-

269 455 461 498 minibus
479 450 676 497 inclusis,
695 447 933 501 appendice
961 450 1215 489 transverse
1245 445 1380 488 multo
1408 443 1561 486 latiore
1585 443 1981 487 obcordato-biloba

269 515 379 556 loliis
409 509 674 554 divaricatis.
709 508 888 560 capsula
920 506 1184 556 subglobosa
1212 507 1338 546 acula
1373 509 1433 550 25.
1461 502 1517 544 Ic.
1548 503 1682 544 Rchb.
1712 501 1858 544 Germ.
1889 503 1976 545 tab.

269 571 336 616 51.
364 596 415 602 -—-
447 570 484 611 S.
528 565 745 608 ΕΙινΙιαν-ίιῖ
770 565 887 607 Slev.
928 577 981 607 ex
1009 565 1109 606 Bab.
1133 563 1240 606 Man.
1280 564 1376 605 218.
1404 587 1455 592 —
1479 561 1521 604 S.
1560 560 1706 603 Neest‘zss
1737 561 1894 614 Wirtg.
1925 587 1975 593 —

269 631 311 675 S.
340 629 563 684 cymiyera
589 625 631 667 C.
661 625 778 668 Koch
808 624 931 666 Linn.
958 623 1078 673 XIX,
1110 636 1147 676 p.
1174 624 1227 666 22
1258 636 1334 666 nec
1362 621 1486 662 Linn.
1509 620 1650 666 XXII.
1679 644 1725 651 —
1754 619 1798 662 S.
1826 620 1981 663 Sama-

270 688 431 733 ritani?
451 687 594 730 Boiss.
620 689 663 726 et
688 684 838 726 Heldr.
870 683 972 725 Mss.
1000 707 1050 712 —
1075 682 1118 725 S.
1147 681 1352 735 aquatica
1369 681 1485 722 Koch
1511 680 1614 733 Syn.
1636 680 1715 721 Ed.
1738 678 1769 719 Ι.
1794 683 1836 721 et
1854 680 1979 724 Auct.

271 750 383 804 plur.
409 760 495 789 uon
527 745 571 786 L.

318 823 420 859 Hab.
441 821 492 856 ad
511 829 635 865 aquas
654 817 872 864 praesertim
900 818 1120 859 montanas,
1147 815 1300 851 Graecia
1323 815 1363 850 in
1393 815 1595 849 montibus
1621 813 1777 848 Malevo
1804 812 1980 859 (OrphlJ,

267 871 462 908 Parnasso
489 866 650 907 (Heldrl
679 864 800 910 Orph.
837 864 894 898 Fl.
929 874 1010 899 exs.
1039 863 1155 905 4432),
1185 863 1352 898 Thracia
1381 862 1521 907 (Ui-v),
1550 861 1740 907 Bithynia
1768 859 1980 905 [Thirke!),

268 917 454 955 Anatolio
493 912 642 950 boreali
676 912 861 956 (Wiecu),
895 910 1082 946 Armenia
1120 909 1318 956 (Bourgl),
1353 909 1510 954 regione
1546 908 1756 945 Caucasica
1792 906 1981 951 (Ledeb.),

267 966 400 1003 Persi-<t
418 962 617 1008 (ssuhs-en,
638 969 760 1005 regno
782 958 967 995 Cabulico
986 957 1156 1002 (Gi-iffi).

327 1032 370 1086 β,
411 1029 604 1072 cordata.
627 1049 684 1056 -
712 1024 866 1067 Caules
894 1023 1124 1074 angustius
1145 1023 1264 1074 alati,
1288 1022 1386 1065 folia
1407 1022 1613 1064 inferiora
1637 1020 1829 1068 cordata,
1848 1020 1980 1062 flores

273 1091 435 1145 saepius
462 1089 670 1130 minores,
696 1084 914 1138 appendix
941 1083 1004 1125 vel
1044 1085 1088 1125 ut
1112 1082 1154 1123 in
1184 1083 1323 1124 forma
1360 1081 1503 1136 typica
1527 1081 1670 1123 biloba
1705 1081 1774 1122 vel
1810 1083 1980 1121 tautum

271 1155 435 1194 retusa.
466 1171 525 1179 —
550 1146 590 1189 S.
621 1143 819 1186 Pisidica
844 1142 984 1184 Boiss.
1021 1145 1063 1184 et
1085 1141 1233 1183 Heldr.
1265 1140 1417 1194 Diagn.
1453 1140 1544 1183 Ser.
1581 1140 1614 1185 Ι,
1643 1138 1714 1192 12,
1752 1153 1790 1193 p.
1829 1139 1897 1181 33.
1923 1161 1979 1169 -

273 1208 314 1253 S.
347 1207 570 1261 cymiyera
593 1203 638 1245 C.
669 1203 787 1246 Koch
807 1202 931 1244 Linn.
957 1200 1097 1250 XXII,
1127 1213 1169 1253 p.
1193 1201 1274 1242 557
1303 1212 1388 1242 non
1416 1199 1548 1242 Linn.
1580 1199 1696 1242 XIX.

317 1283 420 1319 Hab.
441 1282 480 1316 in
503 1279 650 1316 Pisidia
667 1278 715 1313 ad
737 1276 946 1322 Aglansun
965 1277 1002 1311 et
1020 1275 1170 1310 Isauria
1188 1273 1238 1309 ad
1263 1273 1392 1310 lacum
1411 1273 1617 1320 Beychehr
1641 1272 1829 1318 (Heldrl),
1862 1271 1984 1317 Lycia

296 1342 389 1377 rope
417 1328 576 1364 Elmalu
603 1327 764 1371 (Bourg.
794 1324 915 1368 1741),
952 1322 1139 1358 Armenia
1165 1321 1325 1357 Rossica
1352 1321 1409 1365 (C.
1436 1320 1596 1370 Koch-l),
1632 1320 1917 1367 Mesopotamia
1946 1320 1983 1354 et

269 1343 382 1418 §vri-a
409 1375 558 1411 boreali
585 1374 636 1409 ad
663 1373 767 1415 Orsa,
797 1371 955 1413 Aintab,
990 1368 1170 1405 Marasch
1204 1368 1435 1414 (Haussk!)‚
1465 1368 1617 1404 Libano
1648 1367 1738 1414 (ΚΥ.
1756 1366 1854 1410 763!,
1886 1366 1983 1411 Bu),

269 1417 319 1462 ad
340 1426 510 1466 Hasrun,
532 1422 620 1457 Mar
643 1420 781 1463 serkis,
803 1418 1026 1461 Bescnarre,
1050 1415 1270 1462 Ccelesyria
1288 1416 1337 1452 ad
1358 1415 1586 1462 Heliopolin
1605 1415 1828 1460 (Ehrenbl).

317 1488 472 1535 Species
491 1486 597 1522 foliis
615 1488 727 1521 acute
746 1484 810 1519 vel
829 1481 1012 1518 obtusius
1031 1482 1199 1517 dentatis
1216 1481 1305 1516 basi
1320 1480 1541 1516 rotundatis
1560 1480 1623 1516 vel
1638 1480 1818 1523 cordatis,
1839 1480 1981 1515 florum

273 1539 311 1573 et
333 1535 584 1582 capsularum
616 1531 890 1576 magnitudine
920 1532 957 1565 et
988 1530 1105 1564 etiam
1138 1529 1363 1575 appendicis
1395 1530 1545 1572 (tamen
1576 1538 1732 1575 semper
1758 1531 1982 1563 transverse

270 1581 441 1627 latioris)
458 1582 582 1617 forma
600 1580 717 1615 valde
737 1577 1015 1625 polymorpha.
1030 1587 1053 1611 a
1070 1575 1107 1613 S.
1124 1586 1162 1612 a.
1180 1571 1314 1612 uaticd
1329 1575 1367 1611 L.
1381 1589 1427 1608 z
1441 1575 1610 1613 Balbz'szz'
1623 1575 1744 1611 Horu.
1764 1576 1805 1610 in
1824 1575 1981 1610 Oriente

272 1640 349 1667 non
371 1630 582 1665 observata
597 1638 676 1662 non
695 1629 848 1661 tantum
868 1623 1084 1671 appendice
1104 1634 1144 1659 se
1188 1623 1477 1659 inflorescentizi
1491 1623 1717 1670 paniculata
1731 1634 1802 1658 nec
1816 1626 1983 1668 anguste

272 1676 504 1724 thyrsoidea
523 1675 738 1710 discedens.

317 1745 378 1780 Ar.
400 1743 533 1787 Geoqr.
560 1741 720 1786 Europa
738 1738 955 1786 praesertim
975 1736 1147 1773 borealis
1169 1740 1206 1772 et
1225 1736 1364 1781 media,
1383 1736 1529 1772 Sibiria
1550 1736 1715 1772 Altaica.

333 1844 400 1885 ⁶28.
435 1841 490 1884 S.
519 1837 936 1893 macrophylla
960 1836 1121 1891 (Boiss.
1152 1837 1307 1890 Diagn.
1341 1836 1433 1878 Ser.
1466 1835 1496 1886 1,
1526 1837 1594 1886 12,
1621 1849 1670 1890 p.
1707 1834 1783 1889 32)
1812 1835 1976 1888 glabra,

271 1902 416 1945 radice
446 1901 627 1950 fibrosa‚
658 1899 779 1940 caule
801 1898 912 1939 elato
936 1899 1058 1937 acute
1088 1895 1391 1949 quadrangulo
1422 1896 1513 1938 sere
1532 1899 1682 1949 aptero
1706 1893 1892 1947 simplici
1917 1895 1982 1937 vel

271 1974 400 2016 parce
424 1970 611 2008 ramoso,
641 1958 754 2000 foliis
791 1956 949 2008 amplis
992 1955 1208 2008 petiolatis
1245 1955 1338 1997 basi
1374 1954 1564 1997 cordatis
1596 1966 1749 2007 grosse
1783 1957 1980 1996 crenato-

272 2020 460 2063 dentatis
493 2022 536 2061 et
563 2029 698 2071 prope
733 2015 857 2058 basin
890 2014 1109 2057 interdum
1147 2014 1406 2066 sublobatis,
1440 2014 1577 2068 cymis
1604 2013 1879 2056 brevissimis
1910 2024 1981 2067 pe-

274 2078 524 2122 duncnlatis
553 2075 804 2119 multifloris
834 2073 1047 2127 oppositis
1078 2074 1405 2116 rcmotiusculis
1428 2074 1605 2127 thyrsos
1633 2073 1784 2126 longos
1823 2085 1983 2124 augus-

270 2142 337 2181 tos
376 2139 653 2190 interruptos
688 2133 887 2189 apliyllos
923 2131 1227 2183 formantibus,
1279 2132 1499 2186 pedicellis
1531 2134 1675 2187 calyce
1713 2131 1981 2185 longioribus

271 2196 602 2251 glabriusculis,
645 2193 804 2247 calycis
847 2192 986 2244 glabri
1029 2191 1194 2234 laciniis
1237 2192 1377 2235 ovatis
1415 2192 1553 2234 acutis
1593 2190 1980 2243 albo-marginatis,

271 2257 432 2300 corolla
474 2254 630 2303 lurida,
671 2251 910 2307 appendice
948 2254 1202 2294 transverse
1230 2251 1487 2293 semilunari
1511 2250 1765 2299 rotundam,
1791 2250 1981 2303 capsulis

270 2316 409 2358 ovatis
432 2314 570 2357 acutis
606 2318 664 2360 26.
691 2311 723 2355 S
752 2308 943 2353 Balbisc’i
967 2322 1044 2352 var
1066 2309 1372 2363 macrophgjlla
1393 2310 1527 2353 Boiss.
1556 2310 1707 2363 Diagn.
1733 2309 1829 2353 Ser.
1859 2309 1913 2363 ΙΙ,
1940 2310 1979 2357 3,

318 2447 420 2483 Hah.
451 2448 499 2483 ad
531 2457 656 2493 aquas
683 2445 808 2492 Syriae
836 2443 887 2479 {td
912 2443 1093 2489 Tripolin
1120 2443 1232 2488 (Bll),
1263 2443 1314 2479 ad
1345 2443 1544 2485 Sidonem,
1575 2443 1785 2479 Tortosam
1816 2446 1854 2478 et
1881 2444 1982 2479 circa

274 2493 512 2531 Damascum
532 2493 656 2539 (Gaill
670 2495 707 2538 l),
733 2493 772 2528 in
802 2491 1002 2527 Palestina
1031 2491 1080 2526 ad
1111 2490 1242 2527 lacum
1263 2490 1412 2527 Merom
1432 2495 1471 2527 et
1488 2501 1609 2538 prope
1627 2491 1782 2527 Jericho
1800 2490 1982 2535 (Boissl).

321 2553 463 2589 Planta
490 2551 761 2600 pluripedalis,
807 2549 903 2585 folia
938 2549 1123 2585 inferiora
1164 2561 1268 2597 saepe
1310 2549 1556 2598 6-8-pollices
1603 2550 1731 2596 longa.
1773 2550 1912 2586 Affinis
1943 2550 1982 2587 S.

274 2599 396 2637 alatse
414 2611 496 2636 var.
521 2599 699 2636 cordatoe
726 2609 748 2633 a
775 2600 854 2643 qua
878 2596 1010 2631 differt
1034 2596 1321 2634 inflorescentia
1348 2598 1577 2645 thyrsoidea
1600 2597 1984 2645 pseudoverticillata

273 2656 344 2684 nec
366 2648 605 2695 paniculata,
633 2645 940 2692 appeuclicisque
967 2643 1102 2679 forma.
1138 2644 1323 2681 Floribus
1353 2645 1591 2691 thyrsoideis
1621 2645 1737 2680 refert
1765 2643 1804 2681 S.
1824 2649 1982 2692 aquan-

273 2705 364 2731 cam
384 2695 425 2731 L.
449 2711 491 2728 z
511 2695 548 2732 S.
572 2692 741 2730 Balbz'sz‘z'
758 2692 943 2727 Hornem.
967 2690 1016 2726 ad
1036 2701 1157 2737 quam
1179 2702 1267 2729 eam
1287 2692 1381 2729 olim
1411 2692 1538 2737 retuli,
1570 2692 1639 2728 sed
1663 2692 1747 2728 haec
1766 2692 1807 2727 in
1826 2692 1984 2746 Europa

273 2743 503 2778 occidentali
546 2742 595 2777 ad
630 2741 786 2777 Italiam
821 2748 947 2784 usque
985 2739 1137 2774 tantum
1167 2740 1286 2776 obvia
1316 2741 1476 2776 omnino
1508 2739 1638 2775 differt
1664 2739 1821 2786 petiolis
1856 2739 1984 2782 alatis,

273 2788 379 2872 folliis
397 2791 536 2872 obtulse
553 2789 732 2832 crenatis,
757 2785 905 2822 corolla
922 2784 1111 2830 brunnea,
1137 2788 1352 2834 appendice
1374 2790 1597 2824 transverse
1614 2797 1694 2822 non
1712 2786 1842 2822 latiori
1864 2789 1983 2823 ovata

274 2844 323 2872 ve
359 2839 489 2872 rotun(
504 2839 577 2872 ata.

337 2927 405 2971 ⁹29.
440 2927 490 2972 S.
527 2926 758 2971 Cretica
791 2928 949 2982 (Boiss.
975 2933 1016 2970 et
1037 2926 1208 2983 Heldr.)
1237 2927 1438 2971 caulibus
1469 2930 1593 2970 acute
1620 2927 1835 2981 angulatis
1867 2931 1984 2981 apte-

2096 0 2100 120 l

2097 131 2100 254 l
