2100 3262
276 191 322 228 94
947 199 1312 226 convonthLAC-EAE.
1696 192 1967 230 Convolvulus.

278 276 437 330 sepalis
469 275 665 328 oblongis
692 274 735 315 in
767 274 945 317 caudam
971 274 1149 316 brevem
1176 274 1384 317 linearem
1410 275 1609 317 obtusam
1637 276 1974 330 subcontractis,

278 335 438 378 corolla
455 335 581 376 rosea
598 337 725 375 extus
744 333 908 376 sericea
926 334 1070 387 calyce
1085 333 1329 388 quadruplo
1350 333 1557 387 longiore,
1573 335 1720 378 ovario
1735 334 1906 377 hirsuto
1928 339 1966 386 5.

280 393 323 435 C.
355 392 543 434 lineatus
569 405 657 434 var.
686 391 1008 444 aozyustifolz'us
1033 392 1223 446 Kotschy
1250 392 1380 446 Cypr.
1409 406 1452 447 p.
1478 393 1576 433 285.

325 466 427 501 Hah.
448 467 488 501 in
508 465 659 500 fissuris
677 476 721 500 ru
753 465 835 500 ium
853 466 1024 511 regionis
1042 466 1235 502 inferioris
1256 466 1374 512 Cypri
1389 475 1508 512 prope
1524 465 1710 502 Lamnias
1725 467 1774 502 ad
1787 476 1974 513 promon-

279 513 423 548 torium
443 512 550 558 Capo
568 513 686 548 Gatto
705 514 718 556 (
758 522 795 557 y.
812 512 926 557 6272).
948 513 1002 548 Fl.
1021 513 1111 548 Mai.

324 577 438 612 Rami
457 577 656 612 hornotini
673 576 960 623 4-5-p011ioares
979 579 1114 612 tenues
1127 578 1259 613 crebre
1274 580 1310 613 et
1322 578 1452 613 stricte
1466 577 1608 621 foliosi,
1624 579 1769 613 vetusti
1786 579 1973 614 exsiccati

279 624 531 670 persistentes
547 633 615 659 nec
630 624 904 669 spinescentes,
920 624 1011 660 folia
1026 624 1143 660 etiam
1157 625 1358 672 superiora
1373 634 1433 660 ses
1465 624 1710 670 uipollicaria.
1725 625 1831 669 1¹s'2—‘3
1844 625 1972 660 lineas

282 671 372 712 lata,
392 670 544 715 calyces
561 670 584 705 2
598 670 639 713 Ἀ
659 670 783 706 lineas
800 671 918 716 longi.
938 673 971 706 A
990 672 1125 706 formis
1154 672 1418 718 stenophyllis
1438 636 1478 707 ἓ.
1496 671 1678 716 oleaefotiz'
1692 672 1837 718 calycis
1856 672 1972 707 indu-

282 721 414 752 mento
433 717 734 764 aci-pressissimo
753 718 974 764 sepalisque
993 719 1213 754 minoribus
1241 719 1630 754 caudato-contractis
1656 729 1726 754 nec
1744 719 1973 755 lanceolatis

283 765 459 810 specifice
488 764 694 800 distinctus
725 764 891 802 videtur.
921 775 968 800 ex
995 767 1130 811 paucis
1157 766 1438 812 speciminibus
1468 768 1600 801 tamen
1618 768 1733 801 notus
1752 769 1791 802 et
1808 767 1972 802 ulterius

283 811 565 847 observandus.
585 811 705 847 Nulla
723 822 811 847 eum
832 811 868 848 C.
888 811 1032 848 lineato
1051 813 1176 859 specie
1194 823 1273 848 non
1291 813 1516 849 frutescenti
1534 813 1714 848 affinitas.

341 948 409 988 22.
444 945 498 989 C.
528 944 947 989 Schirazianus
974 946 1133 1000 (Boiss.
1162 947 1316 1000 Diagn.
1346 946 1438 990 Ser.
1466 947 1496 999 Ι,
1527 949 1591 998 11,
1622 960 1659 1000 p.
1688 948 1764 1001 82)
1793 947 1974 1000 adpres-

283 1005 456 1048 sissime
471 1005 871 1057 argyreo-sericeus
894 1005 1213 1055 suffruticosus,
1230 1006 1362 1048 ramis
1386 1006 1567 1049 novellis
1590 1006 1814 1049 herbaceis
1831 1007 1975 1049 tenui-

281 1064 364 1107 bus
386 1063 563 1116 virgatis
589 1064 738 1106 stricte
763 1064 993 1106 ramulosis
1017 1064 1238 1107 exsiccatis
1261 1064 1694 1119 subpersistentibus‚
1717 1065 1831 1108 foliis
1850 1065 1973 1119 longe

281 1126 324 1165 et
347 1125 530 1175 anguste
548 1122 787 1164 linearibus
813 1123 964 1164 acutis.
983 1123 1183 1177 capitulis
1202 1124 1502 1167 terminalibus
1522 1123 1790 1177 longiuscule
1807 1124 1973 1178 pedun-

281 1181 450 1226 culatis.
475 1181 660 1222 bracteis
687 1184 867 1233 anguste
897 1181 1334 1234 lineari-lanceolatis,
1364 1183 1522 1237 sepalis
1555 1183 1738 1236 hispidis
1764 1183 1976 1225 lanceola-

281 1241 337 1284 tis
356 1240 625 1292 acuminatis,
643 1239 803 1281 corolla
828 1239 1039 1294 adpresse
1062 1240 1174 1283 hirta
1197 1242 1340 1295 calyce
1366 1241 1581 1295 subtriplo
1607 1242 1974 1295 longini-amasio

281 1298 452 1341 hirsuto
477 1304 517 1348 5.

327 1371 427 1408 Hab.
447 1371 487 1406 in
506 1371 639 1406 Persia
657 1371 822 1406 australi
840 1371 979 1414 (Auch.
999 1371 1093 1413 4945
1106 1373 1142 1417 l),
1160 1373 1199 1408 in
1221 1375 1352 1408 monte
1372 1373 1489 1409 Sabst
1508 1373 1706 1409 Busclioni
1725 1383 1843 1420 prope
1865 1373 1975 1410 Schi-

281 1430 343 1455 raz
362 1419 451 1464 (Ky.
472 1428 549 1453 exs.
568 1418 653 1453 379!
672 1418 745 1453 sub
766 1417 804 1453 G.
825 1418 1121 1463 samatz'lz'va1·.).

328 1483 442 1518 Rami
466 1483 636 1528 pedales,
658 1482 752 1517 folia
780 1483 964 1518 inferiora
994 1482 1326 1529 1-1¹J2-pollicaria
1358 1484 1474 1527 ·1·s2-2
1501 1485 1567 1520 lin.
1595 1485 1683 1529 lata,
1716 1485 1832 1530 calyx
1856 1485 1976 1529 3¹s2-4

283 1531 410 1566 lineas
425 1532 579 1565 tantum
597 1530 749 1575 longus.
763 1530 900 1564 Affinis
920 1529 957 1565 C.
975 1528 1147 1565 Calvertz’
1159 1534 1196 1566 et
1210 1535 1450 1567 commutato
1468 1533 1518 1567 ab
1532 1535 1697 1578 utroque
1714 1532 1834 1567 ramis
1849 1532 1975 1567 tenui-

282 1578 357 1613 bus
376 1576 570 1618 elongatis
596 1577 757 1622 virgatis
783 1576 1158 1623 subpersistentibus
1185 1580 1221 1612 et
1246 1578 1453 1613 transitum
1473 1579 1522 1614 ad
1546 1580 1691 1625 species
1715 1579 1972 1625 subspinosas

280 1623 549 1671 praebentibus
564 1623 755 1659 diversus.
771 1622 873 1659 Inter
889 1624 1035 1670 species
1055 1625 1395 1670 subspinescentes
1413 1625 1449 1661 C.
1465 1625 1704 1673 oxysepalus
1720 1626 1825 1661 foliis
1843 1627 1973 1661 minu-

284 1672 333 1707 tis
352 1670 554 1715 brevibus,
572 1671 737 1706 bracteis
756 1670 1118 1707 ovato-orbiculatis
1137 1671 1277 1707 differt.

342 1799 408 1839 ⁶23.
444 1796 497 1840 C.
529 1797 787 1840 Calverti
814 1797 969 1850 (Boiss.
996 1799 1147 1852 Diagn.
1174 1799 1264 1842 Ser.
1289 1800 1341 1851 II,
1367 1802 1406 1853 3,
1434 1813 1475 1854 p.
1508 1800 1610 1855 124]
1640 1800 1848 1854 adpresse
1866 1800 1973 1843 seri-

282 1868 386 1899 ceus
405 1859 447 1898 et
463 1859 678 1909 praeterea
699 1857 844 1910 patule
867 1858 1079 1906 hirsutus,
1099 1859 1295 1902 caulibus
1318 1871 1371 1900 ex
1394 1859 1629 1901 rliizomate
1649 1859 1978 1902 suffrutescenti

282 1914 522 1959 humilibus
548 1915 818 1970 simplicibus
842 1917 998 1959 erectis
1024 1918 1092 1960 vel
1116 1918 1450 1961 ascendentibus
1473 1918 1640 1960 follosis
1660 1917 1753 1961 basi
1779 1917 1974 1971 vestigiis

283 1974 484 2016 foliorum
523 1977 794 2016 vetustorum
831 1977 1090 2029 squamosis,
1118 1977 1229 2019 foliis
1268 1977 1549 2020 inferi0ribus
1585 1981 1767 2030 anguste
1804 1976 1979 2019 lineari-

284 2032 481 2085 oblongis
507 2034 674 2076 caeteris
698 2037 881 2086 anguste
915 2035 1155 2078 linearibus
1189 2036 1486 2086 acutiusculis,
1512 2036 1696 2078 floribus
1720 2038 1881 2090 praeter
1906 2036 1979 2077 12

285 2091 502 2133 interdum
537 2103 589 2133 ex
616 2092 759 2134 axillis
797 2094 1015 2146 supremis
1043 2095 1150 2137 ortis
1177 2095 1374 2149 capitatis
1404 2095 1704 2137 terminalibus
1731 2093 1982 2137 subsessili-

284 2151 366 2192 bus
395 2150 581 2192 bracteis
617 2151 857 2193 linearibus
893 2153 1082 2206 calycem
1117 2153 1393 2207 aequantibus
1431 2154 1638 2206 suffultis,
1663 2153 1823 2208 sepalis
1847 2152 1981 2207 hispi-

286 2209 478 2252 dissimis
504 2209 700 2263 oblongis
728 2210 772 2251 in
795 2211 1018 2264 cuspidem
1046 2212 1434 2255 lineari-setaceam
1468 2213 1529 2255 eis
1557 2213 1794 2266 longiorem
1821 2212 1983 2254 abeun-

284 2267 417 2319 tibus,
445 2269 606 2310 corolla
641 2270 767 2311 rosea
796 2268 848 2310 ad
879 2271 1061 2323 angulos
1089 2273 1251 2314 sericea
1276 2273 1419 2326 calyce
1443 2271 1575 2325 duplo
1603 2272 1809 2325 longiore,
1834 2271 1982 2313 ovario

285 2327 425 2379 piloso
449 2331 486 2376 5.
516 2325 556 2369 C.
583 2327 787 2368 saxatiles
811 2328 916 2370 Μ.Β.
950 2330 983 2375 Ι,
1016 2343 1057 2384 p.
1086 2331 1165 2372 146
1201 2343 1287 2372 non
1311 2330 1431 2373 Vahl.
1466 2355 1517 2360 —m
1546 2330 1585 2373 C.
1612 2330 1826 2372 Cneorum
1851 2328 1975 2371 Habl.

285 2386 415 2427 Taur.
443 2398 530 2428 non
558 2385 602 2427 L.
623 2410 679 2415 ——
704 2386 745 2428 C.
768 2387 964 2438 pusillus
990 2388 1094 2431 Pall.
1114 2388 1258 2443 *Index
1276 2388 1405 2432 Taur.
1432 2389 1532 2432 Mss.
1553 2413 1610 2418 —
1632 2388 1671 2431 C.
1693 2387 1982 2440 lanicyt’nosus

284 2443 443 2486 Ledeb.
470 2444 531 2486 Fl.
562 2444 684 2487 Ross.
715 2445 789 2493 III.
815 2459 853 2505 p:
881 2447 936 2488 88
964 2459 1050 2489 non
1078 2447 1206 2490 Desr.
1237 2471 1290 2478 —
1319 2448 1360 2490 C.
1394 2448 1606 2501 tr'quceter
1629 2448 1780 2490 Rchm.
1807 2459 1897 2489 exs.

330 2516 430 2552 Hal).
452 2517 492 2551 in
514 2517 670 2552 Tauriae
689 2518 874 2554 calcareis
893 2520 1046 2555 saxosis
1064 2520 1163 2556 circa
1181 2521 1476 2556 Karassabazar
1494 2524 1531 2556 et
1544 2520 1833 2567 Sympheropol
1852 2518 1980 2564 (MR,

284 2563 424 2607 Stevl),
454 2564 493 2598 in
523 2575 567 2599 ru
600 2565 768 2600 estribus
797 2566 847 2601 ad
874 2566 1019 2602 Baidar
1041 2567 1231 2612 (Rehm!)‚
1253 2568 1440 2604 Anatolia
1471 2567 1619 2603 boreali
1649 2568 1699 2602 ad
1719 2567 1978 2602 Kastamouni

284 2610 424 2654 (Wied.
445 2622 524 2646 exs.
545 2612 568 2646 2
594 2613 657 2657 11),
676 2613 862 2648 Armenia
880 2614 1042 2649 Turcica
1061 2615 1111 2649 ad
1131 2615 1296 2650 Tortum
1314 2615 1480 2660 (Calvl)⁷
1498 2615 1549 2650 ad
1570 2615 1714 2649 Baibut
1734 2614 1929 2660 tBourgU.

331 2673 474 2709 Caules
494 2674 792 2721 3-6-pollicares.
814 2676 909 2712 folia
926 2677 991 2712 1-2
1007 2677 1131 2713 lineas
1150 2678 1243 2723 lata,
1261 2678 1377 2714 flores
1396 2678 1524 2724 parvi,
1540 2677 1657 2723 calyx
1675 2677 1739 2713 3-4
1758 2677 1883 2712 lineas
1899 2678 1981 2710 tan-

287 2722 369 2755 tum
384 2720 540 2767 longus.
555 2721 710 2768 Species
724 2733 746 2758 a
763 2723 802 2759 C.
819 2724 989 2760 saoeatz‘lz·
1004 2724 1107 2760 Vahl
1120 2739 1167 2758 z
1181 2725 1412 2771 lanu-qz'noso
1429 2726 1535 2761 Desr.
1553 2725 1734 2760 caulibus
1751 2723 1983 2767 humilibus,

285 2767 450 2804 floribus
469 2768 700 2815 minoribus,
719 2771 861 2817 sepalis
879 2771 1045 2818 abrupte
1064 2774 1099 2807 et
1116 2772 1233 2818 longe
1251 2773 1428 2808 caudatis
1449 2772 1664 2808 discedens.

348 2898 414 2938 24.
451 2897 506 2940 C.
535 2901 939 2944 commutatus
968 2900 1126 2956 (Boiss.
1157 2902 1308 2956 Diagn.
1344 2902 1435 2944 Ser.
1463 2902 1493 2951 1,
1526 2904 1591 2953 11,
1621 2916 1661 2956 p.
1690 2901 1766 2955 81)
1798 2901 1980 2954 adpres-

287 2956 459 2999 sissime
486 2957 825 3011 cinereo-canus,
853 2960 1049 3003 caulibus
1075 2973 1127 3003 ex
1154 2961 1389 3004 rhizomate
1419 2960 1746 3004 suffrutescenti
1776 2957 1979 3014 pluribus
