2065 3271
78 235 258 282 Staehys.
823 244 871 270 LA
877 244 1024 270 BiATAE.
1695 241 1763 280 722

121 318 180 352 Ar.
209 314 345 358 Geoqr.
374 311 530 366 Europa
560 312 688 366 media
714 313 766 348 ab
790 313 934 367 Anglia
961 318 997 349 et
1015 314 1151 360 Belgio
1177 316 1225 350 ad
1249 317 1502 362 Lusitaniam,
1531 319 1764 366 Hispaniam

76 362 292 449 gffigfflgffi,
321 358 486 403 Italiam,
516 359 767 405 Dalmatiam,
796 371 995 407 regionem
1028 362 1304 407 Danubialem‚
1334 365 1512 402 Bossiam
1539 367 1708 403 mediam
1729 371 1765 404 et

134 510 201 552 10.
237 507 289 550 S.
327 505 733 560 Bhrenberqii,
768 507 991 560 perennis,
1034 511 1117 549 tota
1140 508 1273 550 dense
1297 509 1486 553 breviter
1512 517 1552 554 et
1578 514 1764 556 molliter

75 571 311 615 tomentosa
334 577 451 614 cana,
476 564 673 607 caulibus
699 567 822 609 valde
847 566 1116 618 simplicibus
1158 569 1222 609 vel
1250 580 1374 620 parce
1412 572 1609 621 ramosis,
1650 573 1763 615 foliis

75 625 369 681 rugosissimis
395 623 632 666 crenulatis
654 624 935 667 inferioribus
962 625 1178 678 petiolatis'
1204 626 1341 667 ovatis
1361 630 1547 671 cordulis
1574 631 1763 673 obtusis-

75 687 206 732 simis.
230 682 455 725 floralibus
486 682 682 735 oblongis
712 688 871 736 praetcr
898 696 1103 737 suprema
1130 685 1260 726 flores
1287 689 1608 739 superantibus
1634 691 1764 731 verli-

74 743 274 789 cillastris
298 741 501 784 omnibus
538 742 855 793 remotissimis,
899 743 1085 785 bracteis
1123 743 1337 786 subulatis
1375 747 1516 798 calyce
1559 748 1765 790 breviori-

75 807 165 851 bus,
207 801 363 854 calycis
417 801 807 843 tomentoso-lanati
856 801 1105 855 subobliqui
1149 803 1321 845 tandem
1367 806 1521 846 acci-eti
1562 806 1764 849 dentibus

72 862 206 907 ovatis
251 861 374 908 longe
421 858 658 912 spinulosis
702 860 982 903 inferioribus
1024 860 1300 904 brevioribus
1341 866 1383 904 et
1421 865 1761 916 angustioribus,

72 921 241 966 corollae
278 918 404 961 valde
444 919 625 961 hirsutas
663 918 774 961 labio
811 920 1039 974 superiore
1079 924 1228 963 retuso
1260 924 1314 964 26.
1359 921 1588 967 Leomrrus
1623 924 1763 966 molli-3

71 979 258 1024 Ehrenb.
295 979 353 1032 pl.
378 989 470 1020 exs.

116 1054 216 1090 Hab.
244 1054 284 1088 in
308 1052 498 1099 lapidosis
529 1054 566 1087 et
595 1052 640 1088 ad
672 1063 787 1135 rupes
820 1053 988 1099 regionis
1016 1053 1052 1088 al
1084 1056 1157 1089 ina*
1184 1055 1337 1095 Libani,
1364 1055 1415 1091 ad
1452 1055 1610 1091 Kanum
1645 1067 1764 1103 prope

70 1102 268 1139 Biscberre
289 1102 326 1135 et
344 1101 384 1135 in
400 1109 556 1135 summo
576 1102 705 1136 monte
725 1099 1054 1137 .1ak1nel(Ehren
1093 1103 1128 1145 l).
1145 1102 1243 1137 circa
1256 1103 1463 1138 Cedretuin
1487 1107 1521 1138 et
1541 1105 1579 1138 in
1599 1105 1763 1140 summis

69 1148 189 1196 Djord
221 1148 369 1184 Arasch
392 1147 481 1193 (ΚΥ.
499 1147 570 1183 307
589 1148 663 1182 sub
695 1146 732 1183 S.
756 1145 958 1191 Pz'sidzcci).
989 1148 1034 1182 ad
1062 1148 1147 1184 Siar
1173 1160 1212 1184 es
1232 1150 1338 1185 Soud
1369 1154 1405 1185 et
1429 1151 1466 1184 in
1495 1151 1764 1186 cacuminibus

69 1197 166 1232 inter
187 1195 396 1240 Yamouny
419 1199 455 1230 et
473 1194 630 1230 Dimam
653 1194 717 1238 (Bi
734 1196 772 1239 l),
794 1206 913 1241 supra
931 1195 1043 1230 Khan
1063 1196 1097 1231 el
1121 1196 1261 1241 Djedid
1282 1197 1418 1241 (Galil.
1437 1197 1576 1241 21161).

115 1252 387 1299 Pluripedalis,
406 1251 445 1286 in
465 1253 630 1287 summis
654 1252 851 1290 humilior.
870 1252 1036 1297 insignis
1056 1256 1225 1288 tomento
1245 1254 1367 1289 denso
1395 1253 1483 1289 albo
1516 1253 1662 1300 absque
1683 1253 1764 1289 ullo

70 1302 210 1344 nitore,
249 1299 353 1335 foliis
393 1299 510 1334 valde
548 1299 922 1345 reticulato-rugosis
958 1299 1245 1343 obtusissimis,
1288 1300 1570 1336 verticillastris
1613 1302 1765 1345 magnis

69 1348 297 1384 tomentosis
329 1345 446 1381 valde
474 1346 644 1381 remotis.
680 1346 752 1382 His
784 1347 885 1382 notis
913 1349 950 1382 et
980 1348 1195 1393 praesertim
1229 1348 1359 1393 calyce
1392 1348 1700 1394 inaequidentato
1728 1351 1766 1383 et

67 1395 182 1477 va}de
199 1393 428 1430 accrescenti
446 1403 470 1428 a
487 1392 621 1428 formis
641 1393 916 1441 polymorphae
936 1393 973 1430 S.
992 1394 1242 1432 Germanicae
1260 1395 1443 1430 distincta
1458 1395 1620 1430 videtur.
1637 1395 1764 1430 Floris

73 1452 116 1478 co
135 1452 178 1477 or
195 1452 214 1478 e
235 1444 335 1477 sicco
351 1441 531 1476 incertus.

132 1538 193 1581 li.
219 1539 269 1583 S.
295 1538 502 1582 Cassia
524 1538 684 1581 (Boiss.
714 1538 866 1592 Diagn.
897 1539 988 1581 Ser.
1019 1539 1046 1588 l,
1080 1541 1125 1581 12
1148 1553 1184 1593 p.
1213 1541 1283 1588 763·
1312 1542 1533 1593 perennis,
1565 1540 1760 1584 caulibus

68 1600 189 1642 elatis
220 1610 346 1651 parce
368 1601 410 1639 et
443 1598 651 1651 adpresse
680 1598 805 1640 hirtis
844 1599 1113 1652 simplicibus
1150 1601 1215 1641 vel
1252 1611 1379 1653 parce
1410 1600 1611 1645 ramosis,
1648 1600 1761 1644 foliis

65 1658 283 1710 rugulosis
306 1656 541 1703 creuulatis
560 1668 751 1709 superne
772 1657 988 1700 viridibus
1012 1659 1168 1701 subtus
1192 1658 1403 1711 adpressc
1429 1659 1760 1702 canescentibus

67 1717 347 1761 inferioribus
407 1715 620 1768 petiolatis
680 1716 874 1770 oblongis
927 1721 1158 1760 truncato-
1177 1718 1478 1768 subcordalis,
1535 1717 1760 1761 floralibus

67 1774 517 1829 oblongo-lanceolatis
563 1775 844 1818 inferioribus
889 1776 1019 1819 flores
1067 1777 1401 1830 superantibus,
1445 1777 1760 1820 verticillastris

66 1835 315 1878 multifloris
356 1833 636 1876 inferioribus
683 1835 849 1877 dissitis
895 1836 1061 1878 01010113
1103 1836 1329 1889 contiguis,
1371 1837 1526 1889 calycis
1569 1837 1760 1877 hirsuto-

68 1895 194 1937 lanati
231 1895 313 1936 albi
354 1892 516 1945 obliqui
555 1893 759 1936 dentibus
797 1907 818 1935 a
858 1895 946 1937 basi
992 1895 1140 1937 latiore
1185 1896 1308 1947 longe
1347 1895 1761 1948 subulam-spinosis

66 1952 238 1995 demum
267 1952 604 2006 subpatentibus
631 1954 732 1995 tubo
762 1952 1052 2002 brevioribus,
1086 1955 1255 1997 corollae
1280 1965 1416 1995 roseae
1454 1953 1556 1996 tubo
1596 1954 1760 1996 incluso

64 2011 176 2055 labio
200 2013 428 2065 superiore
453 2011 750 2054 hirsutissimo
778 2013 946 2065 integro
981 2017 1035 2059 26.
1075 2012 1114 2055 S.
1155 2013 1311 2056 Italica
1346 2025 1434 2054 var.
1473 2012 1760 2054 cltonclroarta·

65 2069 171 2123 chys
198 2071 353 2113 Heldr!

112 2144 212 2179 Hah.
233 2145 272 2180 in
290 2143 494 2190 sylvaticis
521 2146 692 2190 regionis
719 2144 913 2180 inferioris
933 2145 1076 2181 montis
1096 2146 1221 2181 Cassii
1243 2145 1365 2190 Syriae
1391 2145 1561 2180 borealis
1581 2144 1761 2191 (Boissl),

65 2192 105 2227 in
132 2195 264 2228 monte
281 2191 476 2227 Korthiati
497 2192 736 2228 Macedoniae
755 2192 917 2236 (Heldrl
936 2192 1055 2238 Orph.
1074 2192 1131 2228 Fi.
1152 2194 1217 2228 Gr.
1241 2203 1318 2228 exs.
1339 2192 1461 2238 5351).

111 2248 250 2284 Planta
268 2248 505 2295 2-3-pedalis
524 2259 547 2283 a
567 2248 605 2285 S.
621 2246 774 2285 Cretica
789 2251 826 2283 et
845 2247 882 2285 S.
903 2246 1048 2285 Italica*
1074 2249 1179 2284 soliis
1201 2249 1458 2289 subeordatis,
1478 2248 1761 2284 verticillastris

65 2295 332 2342 superioribus
368 2296 634 2339 condensatis,
673 2295 856 2331 dentibus
892 2296 1037 2341 calycis
1078 2295 1322 2341 longioribus
1368 2296 1594 2342 patentibus
1644 2295 1761 2341 longe

64 2343 458 2389 subulam-spinosis,
505 2344 735 2379 indumento
772 2353 885 2390 parco
919 2344 1106 2389 adpresso
1139 2344 1338 2386 distincta,
1377 2354 1398 2378 a
1432 2343 1472 2379 S.
1512 2343 1762 2379 Germanicae

65 2389 201 2472 formis
218 2390 447 2426 indumento
467 2391 651 2437 adpresse.
672 2390 888 2426 canescenti
907 2394 943 2427 et
961 2390 1144 2426 dentibus
1169 2391 1312 2437 calycis
1342 2390 1457 2436 longe
1484 2390 1619 2436 pilosis
1643 2391 1759 2426 etiarn

65 2446 87 2472 a
105 2446 201 2473 iena.

130 2529 192 2570 1⁰2.
227 2527 276 2571 S.
312 2525 689 2577 Heldreichii.
727 2526 946 2581 perennis,
988 2527 1196 2580 adpresse
1230 2533 1271 2569 et
1295 2528 1489 2570 breviter
1514 2530 1760 2571 tomentella

65 2599 312 2632 canescens,
333 2587 454 2629 caule
471 2587 584 2639 elato
605 2598 774 2628 ramoso
800 2587 865 2627 vel
891 2586 1145 2638 paniculalo,
1171 2587 1280 2629 soliis
1305 2587 1510 2630 tenuibus
1526 2587 1760 2631 crenulatis

66 2646 322 2700 subrugosis
352 2646 632 2689 inferioribus
661 2644 910 2699 maJusculis
939 2646 1154 2699 petiolatis
1183 2645 1528 2697 ovato-oblongis
1556 2646 1758 2700 cordatis,

65 2706 386 2748 verticillastris
424 2706 672 2747 numerosis
714 2707 873 2758 praeter
912 2704 1117 2747 inferiora
1155 2709 1318 2754 remota
1360 2705 1401 2746 10
1439 2706 1579 2758 spicas
1613 2704 1760 2758 longas

65 2764 350 2813 condensatis,
390 2764 500 2806 foliis
543 2763 767 2806 floralibus
813 2762 1267 2817 oblongo-lanceolatis
1311 2763 1589 2806 inferioribus
1627 2764 1758 2806 flores

65 2822 477 2877 subsuperantibus,
500 2822 683 2865 ssoribus
722 2822 1028 2873 mediocribus,
1064 2822 1221 2875 calycis
1257 2823 1412 2864 hirsuti
1449 2823 1650 2865 dentibus
1684 2823 1760 2864 tri-

65 2882 351 2936 angularibus
377 2882 550 2935 spinula
575 2881 817 2924 terminatis
847 2882 947 2924 tubo
968 2881 1095 2934 triplo
1117 2880 1408 2931 brevioribus,
1432 2881 1602 2924 0010100
1624 2893 1759 2925 roseae

67 2941 168 2984 tubo
198 2941 367 2984 incluso
394 2941 502 2982 labio
529 2942 758 2994 superiore
777 2940 947 2994 hispido
967 2940 1134 2993 integro
1155 2944 1191 2984 26
1209 2971 1232 2982 ..
1250 2939 1293 2989 S.
1325 2939 1591 2994 dasyantlzes
1609 2939 1757 2984 Heldr.

65 3012 157 3043 exs.
187 3013 268 3044 non
301 3000 436 3043 Rasin.
460 3024 512 3030 —
540 2998 579 3041 S.
604 2998 858 3052 penicillum
887 3012 984 3050 var.
1018 3005 1195 3040 ramo-30«
1218 2999 1354 3041 ssoiss.
1379 3000 1492 3041 olim.
