2100 3262
287 233 359 267 344
942 239 1357 267 SCROPHULARIAGEAE.
1751 227 1994 269 Verbascum.

334 312 425 347 Hab
454 311 495 346 in
514 311 762 357 Cappadocia
781 310 831 345 ad
849 311 1095 357 Euphratem
1115 310 1256 355 (Auch.
1274 310 1417 348 24451).

335 368 394 403 Ex
413 367 693 413 speciminibus
712 367 947 413 imperfectis
966 371 1118 402 tantum
1143 370 1294 411 notum,
1322 377 1384 402 ses
1417 365 1538 401 nivel
1564 365 1759 412 bipedale,
1785 367 1881 402 folia
1898 368 1996 405 infe·

288 415 391 451 riora
409 414 694 461 2-3-pollicaria
712 414 776 449 6-8
793 413 918 450 lineas
935 414 1017 449 lata
1034 414 1281 459 longiuscule
1300 413 1401 460 petio
1424 417 1498 453 ata,
1515 413 1672 448 caulina
1691 414 1991 459 angustissima,

290 463 453 497 bracteae
493 461 793 508 squamiformes
825 464 947 497 acutae
979 461 1238 506 brevissimae,
1265 460 1444 508 pedicelli
1468 460 1655 496 fructiferi
1681 459 1704 495 6
1732 460 1856 496 lineas
1884 461 1993 508 longi

289 510 449 552 arcuati,
468 508 626 555 capsula
647 509 731 555 piso
749 508 912 545 dimidio
934 509 1073 544 minor.
2004 512 2006 514 ’

353 609 447 650 113.
465 608 525 650 V.
547 609 970 652 leuconeurum
997 609 1156 664 (Boiss.
1177 613 1220 651 et
1237 608 1385 651 Heldr.
1405 607 1561 660 Diagn.
1587 605 1677 649 Ser.
1696 606 1731 656 I,
1762 607 1828 657 12,
1857 620 1897 660 p.
1919 607 1993 663 ⁶27)

290 668 462 714 bienne,
501 668 622 709 caule
657 668 782 710 tereti
815 669 927 710 elato
951 680 1141 722 superne
1169 668 1338 710 rabello
1363 667 1513 719 glabro
1542 667 1582 707 in
1609 665 1852 719 paniculam
1881 678 1995 709 com-

290 728 473 781 positam
498 726 809 779 amplissimam
838 727 1029 780 glabram
1061 727 1237 770 abcunti
1265 727 1433 768 inferne
1460 725 1611 767 folioso
1635 736 1731 766 cum
1756 725 1869 767 foliis
1893 726 1992 768 lana

289 787 385 828 alba
406 787 615 839 adpressa
638 786 923 828 arachnoidea
959 786 1009 828 ad
1044 799 1201 828 nervos
1238 785 1477 838 copiosiore
1514 783 1717 834 obsitum,
1751 784 1863 826 foliis
1888 784 1996 826 inte-

290 845 379 899 gris
395 845 588 897 oblongis
615 844 782 887 obtusis
805 846 1087 888 inferioribus
1112 846 1155 886 in
1184 845 1389 899 petiolum
1415 842 1663 889 attenuatis,
1688 843 1994 898 superioribus

291 904 453 947 sensim
502 903 726 946 diminutis
773 904 933 946 strictis
982 903 1494 951 truneate-subcordatis,
1556 901 1739 945 floribus
1785 902 1994 945 solitariis

292 963 502 1018 pedicello
543 963 664 1005 tenui
709 964 1021 1016 erecto-patulo
1069 964 1251 1006 incurvo
1288 963 1432 1015 calyce
1471 961 1637 1014 4-5-plo
1675 961 1869 1015 longiore
1911 961 2000 1003 suf·

292 1023 413 1064 fultis
437 1023 533 1064 laxe
556 1026 598 1065 et
621 1023 745 1074 longe
775 1023 1021 1071 racemosis,
1056 1023 1238 1065 bracteis
1273 1021 1464 1064 minimis
1491 1020 1997 1074 ovato-triangularibus,

293 1082 436 1134 calyce
476 1081 732 1134 glanslnloso
778 1080 870 1135 (vix
909 1083 932 1122 “2
976 1082 1113 1124 lineas
1150 1080 1297 1134 longo)
1336 1080 1378 1122 in
1416 1079 1594 1122 lacinias
1636 1079 1996 1132 ovato-oblongas

294 1140 467 1194 partito,
506 1141 776 1189 corolla
813 1142 991 1193 capsula
1029 1143 1158 1194 parva
1196 1140 1516 1192 ovato-globosa
1542 1139 1687 1192 calyce
1714 1139 1998 1191 sublongiore

295 1199 505 1252 pcdicello
535 1199 705 1252 4-5-p10
734 1199 935 1241 breviore
956 1200 1024 1254 (ᾗ).

342 1265 442 1301 Hah.
462 1266 502 1300 in
519 1265 661 1312 pinetis
681 1267 801 1311 partis
821 1267 1033 1312 superioris
1052 1266 1171 1301 vallis
1190 1264 1385 1301 Ermenek
1404 1264 1525 1300 Tauri
1544 1264 1705 1300 Isaurici
1724 1263 1910 1308 (Heldrl).

342 1321 400 1356 Ex
430 1321 641 1368 specimine
671 1321 856 1356 deflorato
881 1324 918 1356 et
948 1322 1146 1357 fructifero
1177 1321 1430 1367 descriptum,
1460 1321 1540 1356 4-5·
1571 1320 1692 1364 edale,
1719 1320 1813 1355 folia
1830 1323 1867 1355 et.
1887 1319 2001 1355 indu-

295 1373 473 1404 mentum
502 1367 540 1403 V.
572 1367 923 1413 Wiedemanm'am',
952 1369 1241 1404 inflorescentia
1259 1371 1296 1404 et
1312 1368 1492 1414 pedicelli
1519 1379 1538 1404 e
1558 1370 1693 1414 ongati
1724 1366 1758 1402 V.
1777 1365 1999 1413 Iyratz't‘olz'i.

294 1415 474 1451 Stamina
493 1425 571 1451 non
596 1416 675 1451 vidi
694 1420 730 1451 et
761 1415 948 1452 Verbasco
968 1420 1120 1452 tantum
1142 1427 1188 1452 ex
1211 1416 1344 1451 habita
1363 1415 1589 1451 adnumero.

356 1524 454 1566 1214.
487 1525 548 1568 V.
576 1525 970 1579 lyratifolium
1010 1526 1192 1580 (Kocbel
1236 1527 1275 1568 in
1315 1525 1394 1579 Ky.
1436 1537 1525 1567 exs.
1564 1537 1643 1567 D.c.
1682 1524 1840 1565 Prodr.
1872 1522 1925 1570 X,
1962 1535 2000 1577 p.

299 1585 404 1639 2³42)
420 1586 744 1633 bienne,1otu¹n
772 1585 942 1637 papillis
966 1586 1104 1637 longis
1132 1585 1293 1627 hirtum
1322 1590 1530 1637 prseterea
1553 1583 1603 1625 ad
1632 1583 2000 1626 inflorescentiam

298 1645 622 1698 glandulosum,
664 1645 786 1685 caule
826 1644 936 1686 elato
974 1645 1121 1697 gracili
1163 1645 1254 1686 basi
1294 1644 1444 1686 solioso
1483 1654 1673 1698 superne
1711 1641 1895 1695 simplici
1933 1641 2002 1683 vel

302 1716 471 1745 ramoso
510 1703 554 1744 in
595 1714 787 1745 racemos
823 1703 1084 1745 inultissoros
1122 1704 1398 1757 longissimos
1437 1703 1621 1756 graciles
1662 1701 1852 1751 abeunti,
1890 1699 2002 1743 soliis

301 1763 517 1805 viridibus
563 1761 822 1804 radicalibus
861 1766 903 1804 et
951 1762 1230 1805 inferioribus
1274 1762 1490 1816 petiolatis
1538 1761 1703 1803 ambitu
1746 1759 1886 1802 ovatis
1936 1757 2002 1800 vel

299 1822 496 1873 oblongis
522 1821 956 1875 lyr-ato-pinnatitidis
981 1823 1214 1874 segmentis
1234 1825 1356 1863 acute
1376 1821 1564 1863 dentatis
1587 1819 1841 1862 lateralibus
1866 1817 2002 1862 utrin-

300 1894 383 1935 que
413 1882 487 1923 ⁹242
518 1879 661 1933 parvis
697 1880 945 1923 lanceolatis
974 1882 1191 1923 terminali
1230 1881 1413 1933 oblongo
1445 1880 1620 1922 dentato
1657 1882 1700 1921 et
1728 1877 2004 1930 triangulari-

303 1940 456 1983 lunato.
499 1940 609 1982 soliis
646 1940 950 1992 superioribus
980 1940 1210 1983 sessilibus
1237 1939 1377 1982 ovatis
1406 1939 1682 1982 denticulatis
1708 1938 1860 1987 aculis,
1886 1936 2005 1979 flori·

303 1999 382 2041 bus
409 1999 615 2042 solitariis
643 1999 866 2052 pellicellis
896 1999 1102 2041 tennilnis
1138 1999 1384 2051 patentibus
1421 1999 1566 2052 calyce
1589 1996 1813 2040 multoties
1841 1995 2005 2050 longio-

303 2058 424 2101 ribus
466 2057 660 2100 suffultis
708 2058 927 2100 bracteola
979 2058 1153 2100 minima
1204 2058 1356 2100 lineari
1413 2058 1566 2100 obsitis
1610 2057 1706 2098 laxe
1753 2054 2002 2106 racemosis,

301 2118 445 2170 calyce
498 2128 624 2171 parce
663 2117 917 2170 glanduloso
956 2117 1001 2171 (⁹2
1042 2118 1116 2159 lin.
1156 2117 1303 2171 longo)
1354 2117 1442 2158 sere
1487 2116 1539 2159 ad
1583 2115 1705 2158 basin
1746 2115 1786 2156 in
1828 2115 2007 2157 lacinias

302 2177 697 2228 oblongo-lineares
723 2180 870 2217 acutas
896 2176 1069 2229 partito,
1110 2178 1271 2218 corolla
1306 2177 1416 2218 stava
1444 2175 1608 2229 glabra,
1643 2175 1877 2216 illamentis
1904 2185 2006 2227 pur-

303 2236 633 2289 pureo-lanatis.
682 2235 865 2277 stamine
906 2236 1057 2288 quinto
1104 2235 1383 2286 brevissimo,
1425 2235 1602 2288 capsula
1639 2234 1818 2287 globosa
1858 2233 2007 2286 glabra

303 2295 447 2347 calyce
475 2295 607 2347 duplo
637 2294 830 2347 longiore
854 2294 922 2349 &—
951 2294 991 2334 V.
1019 2294 1212 2336 Kiiclzelii
1235 2294 1365 2336 Fenzl
1391 2295 1500 2353 Mss.v

304 2368 455 2450 Flealb3
470 2368 507 2402 in
531 2367 666 2403 Cilicia
685 2368 732 2403 ad
753 2367 901 2403 radices
917 2368 1036 2403 Tauri
1054 2368 1142 2414 (Ky.
1156 2367 1273 2413 3351),
1295 2368 1344 2402 ad
1361 2366 1546 2402 Kechlick
1562 2377 1681 2413 prope
1698 2366 1869 2402 Mersina
1884 2364 2008 2410 (Ball)

354 2444 358 2449 .
380 2427 392 2450 l
423 2425 472 2450 al.

361 2480 403 2534 β.
435 2479 742 2521 ῐιῗηεανῖίοὸιιηι
783 2480 919 2523 Boiss.
956 2480 1105 2532 Diagn.
1141 2480 1235 2523 Ser.
1263 2480 1313 2530 ll,
1354 2481 1393 2521 3.
1437 2493 1473 2532 p.
1507 2480 1600 2520 150.
1645 2478 1761 2520 Folia=
1800 2479 2006 2521 inferiora

304 2540 345 2581 in
373 2539 550 2581 lacinias
576 2544 756 2592 anguste
790 2540 979 2582 lineares
1008 2541 1228 2593 elongatus
1261 2539 1468 2592 pinnatim
1495 2538 1561 2579 vel
1591 2537 1848 2591 bipinnatiin
1878 2542 2008 2579 secta.

353 2614 451 2648 Hah.
472 2614 519 2648 ad
541 2613 755 2649 Bouloukli
780 2624 898 2661 prope
928 2613 1100 2648 Mersina
1124 2613 1270 2649 Ciliciae
1301 2613 1405 2658 (Bal.
1437 2612 1553 2657 6780.
1585 2612 1623 2647 in
1654 2612 1758 2648 valle
1786 2612 1839 2648 Su
1860 2611 2010 2649 Nedere

305 2672 421 2707 propp
442 2660 570 2696 Giilek
591 2661 682 2706 (Ky.
702 2661 837 2708 Suppl.
856 2661 972 2704 3452).

352 2717 490 2752 Planta
513 2717 758 2763 3-4-pe11a1is,
779 2718 870 2753 folia
892 2717 1075 2752 inferiora
1096 2717 1394 2763 si-G-pollicaria.
1423 2715 1604 2763 pedicelli
1625 2715 1810 2751 fructiferi
1829 2715 2012 2762 pollicem

304 2765 425 2810 longi,
448 2765 595 2799 corolla
618 2765 808 2800 diametro
838 2764 1046 2810 pollicaris,
1077 2765 1237 2810 capsula
1265 2766 1349 2811 piso
1377 2765 1487 2799 tortia
1509 2767 1618 2810 parte
1637 2763 1776 2798 minor.
1807 2762 2010 2809 Specinien

305 2812 474 2847 Aut-heri
490 2812 559 2847 846
576 2823 595 2847 e
614 2812 786 2857 Phrygi-:2
809 2811 882 2847 huc
902 2813 940 2846 in
960 2822 1034 2847 Dc.
1053 2812 1183 2847 Prodr.
1205 2812 1366 2847 vitatum
1388 2817 1446 2847 est
1480 2810 1512 2845 V.
1533 2810 1939 2857 xanthoplzoenz'ccnm

367 2921 466 2964 11‘15.
501 2922 562 2964 V.
597 2921 958 2975 Berytheum
992 2920 1160 2975 (Boi-ss.
1196 2922 1346 2974 Diagn.
1389 2921 1482 2964 Ser.
1510 2919 1550 2971 Ι,
1579 2921 1647 2969 19,
1674 2934 1716 2974 p.
1746 2918 1822 2974 523)
1844 2920 2011 2966 bieme,

309 2987 444 3023 totum
471 2982 693 3024 virescens
719 2982 910 3023 breviter
939 2981 1160 3022 inrtellum
1179 2980 1484 3033 glandulosuni
1513 2979 1655 3022 radice
1674 2980 1797 3021 brevi
1829 2979 2012 3032 oblonga
