2065 3271
131 224 324 261 Caccz‘m'a.
835 236 1112 262 nonnAomEAE.
1750 230 1819 265 277

127 309 246 351 fauce
269 305 454 360 abrupte
481 307 684 360 ampliata
710 309 829 351 intus
859 310 1093 353 fornicibus
1121 311 1288 353 obtusis
1315 311 1459 353 clausa
1483 313 1645 354 laciniis
1671 318 1818 366 paten-

129 366 242 410 tibus
286 365 658 419 subinaequalibus
707 366 944 411 linearibus
988 369 1052 410 vel
1099 369 1308 422 oblongis.
1350 370 1539 413 Stamina
1580 373 1685 426 apici
1726 373 1816 414 tubi

129 427 304 473 inserta,
326 425 517 467 antherae
541 428 725 468 exsertae
755 427 907 469 anticai
939 431 981 470 et
1008 429 1208 471 laterales
1236 429 1427 471 minores
1455 431 1688 483 ina‘qnales
1715 432 1817 473 sub-

128 485 318 536 seschs,
346 484 558 538 posticum
588 485 726 535 maius
754 487 1063 530 oscillatorium
1090 489 1258 541 longius
1283 493 1519 532 exsertum.
1551 491 1699 543 Stylus
1738 492 1817 532 lili-

129 544 275 587 formis
304 545 427 598 longe
449 547 666 595 exsertus,
692 545 897 587 fructiferi
933 546 1048 588 basis
1075 548 1115 588 in
1145 549 1325 600 copulas
1357 550 1816 592 crustaceo-membra-

129 615 278 646 naceas
301 603 480 646 nuculas
504 603 698 645 foventes
722 617 955 659 expansus,
976 606 1156 648 Nuculie
1179 606 1342 648 fertiles
1368 609 1391 649 32
1421 608 1482 649 vel
1515 611 1528 649 ’1
1559 622 1818 662 compressio

128 666 263 706 ovatae
297 663 364 705 vel
392 662 660 705 orbiculares
687 663 1265 719 liorizontali—subpendulae.
1290 689 1346 695 —
1374 668 1527 709 llerbie
1562 668 1685 710 valde
1717 668 1817 711 stri-

127 733 250 777 gosae.

125 887 245 931 Scor.
281 887 310 929 Ι.
345 888 600 932 ΕυοΑοοιΝιΑ
625 887 958 943 (Phyllobotrys
985 893 1028 932 et
1052 890 1374 944 Gymnobotrys
1401 892 1485 947 Bge
1516 893 1672 935 llclioc.
1705 907 1740 947 p.
1772 896 1809 935 6.

581 971 636 978 —
663 947 961 992 Antberarum
986 950 1200 992 filainenta
1226 956 1354 994 recta.

184 1102 219 1142 1.
246 1099 298 1144 C.
332 1099 546 1154 glauca
571 1098 692 1154 (Savi
717 1098 811 1142 Cos.
838 1098 922 1142 bot.
946 1113 1040 1154 pag.
1071 1102 1107 1151 1,
1128 1100 1212 1143 tab.
1240 1102 1285 1156 1)
1310 1103 1518 1155 perennis
1539 1104 1815 1155 glaucescens

125 1172 319 1208 carnosa,
350 1159 470 1201 caule
506 1158 698 1201 florifero
733 1158 885 1201 humili
923 1172 946 1201 a
983 1160 1073 1202 basi
1109 1172 1279 1203 ramoso
1308 1162 1573 1215 paniculato,
1609 1162 1815 1203 fructiferi

127 1218 315 1271 angulati
339 1218 472 1260 ramis
495 1218 705 1271 elongatis
723 1218 832 1260 laxis
856 1219 1022 1261 inferne
1045 1222 1213 1262 tantum
1232 1221 1466 1263 fructiferis
1485 1234 1674 1274 superne.
1699 1220 1815 1261 brae-

127 1282 215 1321 teas
241 1277 412 1321 steriles
439 1277 696 1330 ferentibus,
723 1278 836 1320 foliis
860 1278 1055 1331 oblongis
1077 1281 1120 1320 et
1146 1279 1600 1333 oblongo-lanceolatis
1625 1281 1815 1333 margine

125 1342 167 1380 et
192 1337 343 1392 pagina
375 1336 604 1392 superiore
632 1337 794 1380 aculeis
817 1338 925 1380 albis
951 1338 1109 1380 conicis
1142 1338 1231 1380 basi
1260 1339 1542 1382 tuberculatis
1578 1340 1813 1389 muricatis,

125 1396 307 1440 bracteis
340 1397 421 1438 late
456 1396 717 1448 lanceolatis,
751 1397 896 1451 calyce
924 1398 1113 1440 florifero
1148 1398 1189 1439 in
1228 1399 1402 1441 lacinIas
1429 1399 1816 1451 anguslc-lineares

126 1457 335 1510 strigosas
361 1457 478 1509 lisso,
511 1456 734 1499 fructifero
758 1456 884 1498 valde
917 1457 1120 1511 ampliato
1146 1459 1501 1512 stellato-patenti
1530 1457 1638 1500 lobis
1666 1457 1749 1498 late
1776 1460 1819 1498 et

124 1516 314 1559 breviter
340 1515 697 1569 triangularibus,
725 1515 896 1559 corollae
923 1517 1243 1560 caerulescentis
1272 1518 1373 1560 tubo
1401 1518 1544 1571 calyce
1572 1517 1720 1570 sesqui
1752 1517 1815 1557 vel

125 1575 255 1629 duplo
291 1575 481 1628 longiore
513 1575 681 1618 laciniis
714 1574 1165 1629 elliptico-linearibus
1201 1578 1350 1622 acutis,
1375 1577 1566 1619 antberis
1600 1590 1622 1618 a
1656 1576 1816 1629 postica

125 1636 307 1677 maxima
327 1635 381 1678 ad
403 1634 566 1678 anticas
588 1634 752 1677 sensim
774 1635 1013 1689 diminutis,
1033 1637 1201 1679 nuculis
1225 1637 1363 1679 ovatis
1393 1636 1508 1678 disco
1535 1635 1815 1689 planinsculis

122 1706 271 1747 grosse
298 1697 341 1736 et
367 1698 482 1748 saepe
506 1695 700 1737 obsolete
727 1696 898 1748 rugosis
927 1696 1118 1749 margine
1148 1697 1405 1739 brevissime
1434 1694 1814 1749 triangulari-(len-

123 1753 310 1797 ticulatis
346 1760 404 1802 26.
437 1753 477 1796 C.
508 1752 636 1796 Celsa·
668 1754 807 1796 Boiss.
846 1754 982 1808 Diagn
1035 1754 1125 1797 Ser.
1168 1756 1195 1804 Ι,
1236 1758 1302 1807 11,
1331 1770 1370 1810 p.
1412 1756 1503 1797 133.
1534 1779 1590 1784 —
1617 1754 1815 1805 Borraffo

124 1812 376 1866 crassisolia
397 1814 522 1857 Vent.
548 1813 666 1856 Hort.
693 1813 803 1856 Cels.
834 1815 916 1856 tab.
952 1816 1046 1856 100.

172 1887 275 1923 Hah.
305 1888 345 1923 in
371 1889 520 1923 ditione
549 1887 723 1923 Talusch
755 1889 860 1925 5000’
889 1889 1093 1934 (Nollem),
1112 1901 1221 1937 prov.
1251 1889 1490 1935 Adel-bidjan
1523 1889 1664 1924 Persia*v
1683 1888 1815 1927 (Szow

127 1935 246 1970 Auch.
269 1935 411 1979 5006!)‚
430 1936 562 1971 Persi-:i
585 1936 733 1971 boreali
759 1937 807 1972 ad
837 1938 986 1972 radices
1013 1939 1157 1973 montis
1186 1937 1414 1972 Deniavend
1445 1948 1562 1982 prope
1592 1935 1670 1971 Ast<
1691 1935 1817 1979 (ΚΜ),

124 1992 242 2064 Rrope
259 1982 475 2025 Schahrud,
490 1983 703 2027 Khabbise,
718 1984 888 2019 Kerman
911 1985 1050 2020 Persize
1069 1985 1270 2020 orientalis
1289 1989 1325 2020 et
1344 1986 1442 2019 inter
1460 1984 1635 2018 'l'elieran
1657 1986 1689 2017 et
1711 1982 1815 2027 Ispa—

153 2040 202 2064 an
231 2029 373 2076 (Bgel),
398 2031 498 2067 inter
526 2031 737 2067 Hamadan
769 2035 805 2067 et
834 2032 1012 2068 Telieran
1045 2033 1193 2078 (Olim),
1221 2033 1259 2067 in
1290 2031 1514 2068 Belutsebiii
1544 2031 1592 2066 ad
1617 2030 1814 2066 Doubnnd

124 2076 292 2120 (Stockst
309 2078 433 2114 forma
452 2079 685 2115 nucularuni
707 2081 883 2125 margine
901 2080 1081 2115 obtusius
1101 2081 1277 2124 dentato)

169 2140 273 2177 Tubi
292 2141 471 2178 corollini
489 2143 622 2188 quoad
640 2142 814 2187 ealyeem
835 2154 882 2178 ex
901 2144 1182 2190 speciminibus
1203 2154 1326 2190 nuper
1344 2142 1562 2178 observatis
1586 2145 1622 2176 et
1639 2141 1814 2175 dentium

124 2188 275 2224 nuculae
295 2189 500 2236 longitudo
521 2190 659 2235 variat,
678 2190 766 2226 ideo
786 2190 823 2226 C.
846 2190 960 2227 Celsiz'
980 2202 1056 2227 non
1078 2192 1252 2238 specifice
1270 2190 1548 2236 distinguenda
1568 2189 1731 2223 videtur.

181 2321 219 2362 2.
254 2321 306 2365 C.
340 2321 659 2365 Rauwolfii
692 2320 756 2375 (C.
785 2323 904 2364 Koch
930 2323 1054 2365 Linn.
1084 2322 1217 2371 xvii,
1250 2335 1286 2375 p.
1314 2323 1396 2363 303
1424 2333 1614 2362 non-ne
1644 2317 1814 2363 Procli-,l

127 2381 328 2434 perennis
355 2380 508 2423 viridis
541 2393 735 2429 carnosa,
763 2382 884 2424 caule
918 2382 1108 2424 florifero
1135 2383 1246 2423 elato
1273 2385 1315 2423 et
1341 2392 1529 2435 superne
1564 2378 1815 2430 rorymbose

127 2439 366 2494 paniculato
390 2474 398 2490 ,
442 2440 554 2482 foliis
603 2440 851 2484 lanceolatis
901 2442 988 2483 basi
1034 2442 1268 2484 attennalis
1315 2438 1618 2493 superioribus
1663 2438 1813 2477 sallem

129 2499 330 2552 utrinque
365 2500 878 2552 strigoso-tuberculatis,
906 2501 1091 2542 bracteis
1132 2501 1215 2542 late
1248 2504 1289 2542 el
1325 2499 1516 2540 breviter
1555 2495 1812 2540 lanreolatis.

126 2558 265 2612 calyce
293 2559 484 2600 florifero
513 2558 554 2600 in
586 2559 758 2601 lacinias
787 2559 980 2604 breviter
1007 2558 1541 2611 triangullari-lanceolatas
1572 2558 1671 2597 lisso
1702 2556 1811 2595 fruc-

126 2616 248 2659 tifero
272 2617 395 2660 valde
418 2621 542 2661 aucto
569 2618 771 2661 stellatim
803 2620 965 2672 patenti
996 2619 1102 2661 lobis
1137 2621 1217 2660 late
1248 2618 1399 2661 ovalis'.
1421 2617 1588 2657 corolla·
1622 2615 1815 2656 rau-uleu-

127 2675 227 2719 tubo
250 2677 393 2730 calyce
420 2677 550 2731 duplo
575 2678 767 2731 longiore
792 2678 957 2721 laciniis
985 2682 1167 2732 anguste
1190 2678 1427 2720 linearibus
1450 2676 1600 2720 aculis,
1625 2673 1814 2715 antlieris

129 2734 376 2778 lateralibus
412 2736 608 2787 minutis,
637 2738 791 2780 anticis
828 2738 960 2792 duplo
999 2737 1252 2791 majoribus,
1284 2737 1444 2791 postica
1479 2735 1541 2775 eis
1578 2734 1648 2775 vix
1685 2732 1815 2784 duplo

129 2793 329 2848 longiore,
352 2796 525 2838 nuculis
551 2796 805 2839 orbiculatis
835 2798 973 2850 planis
998 2797 1114 2839 disco
1142 2801 1183 2839 et
1209 2797 1400 2848 margine
1424 2792 1691 2837 cristwformi
1715 2791 1814 2832 den-

126 2854 211 2895 tato
238 2853 478 2897 tuberculis
506 2855 709 2898 Stellatitn
737 2856 1007 2909 glocliidialis
1035 2857 1314 2898 creberrimis
1341 2854 1491 2896 obsitis
1528 2860 1588 2899 26.

173 2925 274 2962 Hah.
306 2927 344 2962 in
379 2929 562 2964 Armenia
596 2929 758 2965 Rossica
788 2930 835 2965 ad
868 2930 1171 2965 Na‹·.l<it‹.·lioxx·un
1192 2932 1351 2971 (Szovll,
1382 2929 1429 2963 ad
1470 2928 1610 2962 lei-ivan
1644 2925 1811 2961 llssnbse!

127 2971 277 3067 ιδεὲἰείὶό)
298 2974 336 3009 in
357 2978 480 3012 tractu
498 2976 587 3012 Lori
606 2977 662 3023 (C.
678 2977 786 3013 Koch
797 2979 834 3024 l),
853 2977 891 3014 in
912 2978 1041 3015 Persia
1063 2977 1227 3014 australi
1245 2976 1423 3012 orientali
1451 2985 1567 3023 prope
1588 2971 1813 3010 Ssertscliali

178 3031 224 3066 ge
260 3048 266 3055 .
