2065 3271
152 257 369 295 Acanthus.
879 268 1177 295 ACANTHACEAE.
1797 265 1867 302 521

154 351 370 395 perennes
395 338 508 382 foliis
537 338 702 380 Carden·
726 340 792 381 vel
812 340 1008 393 Morz‘noe,
1033 341 1217 384 floribus
1243 342 1285 383 in
1310 341 1472 396 spicam
1495 355 1692 397 magnam
1721 347 1868 388 termi-

154 400 297 441 nalem
333 397 550 452 congestis
588 399 755 451 magnis
799 401 1025 453 speciosis,
1055 400 1146 442 basi
1170 400 1344 444 bractea
1377 401 1537 444 dorsali
1567 407 1610 445 et
1640 404 1871 449 bracteolis

153 459 268 500 binis
294 457 548 500 lateralibus
573 456 814 499 instructis.

215 568 252 610 1.
285 568 350 611 Α.
376 566 580 610 mollis
606 566 672 622 (L.
698 566 769 620 Sp.
796 568 904 622 891)
932 568 1046 610 soliis
1075 566 1231 620 amplis
1257 567 1601 611 membranaceis
1629 570 1682 612 ad
1709 583 1870 615 nervos

153 631 198 670 et
233 627 450 681 margines
491 637 619 679 parce
656 626 856 668 ciliolatis
891 626 1236 680 piunatipartitis
1276 626 1442 668 laciniis
1482 629 1680 682 oblongis
1715 642 1869 684 grosse

153 687 340 729 sinuatis
379 690 421 727 et
454 686 641 728 dentatis
678 689 837 739 przeter
871 687 1044 728 infimas
1085 685 1176 726 basi
1221 689 1474 738 angustatas
1512 687 1739 733 distinctas
1778 690 1870 733 basi

152 745 475 788 confluentibus
524 743 729 786 dentibus
777 743 1123 798 triangularibus
1167 744 1414 786 inermibus
1457 746 1707 799 apiculatis,
1750 748 1870 802 spica

153 805 399 858 pedunculo
441 804 565 856 longo
606 803 705 844 folia
749 803 911 857 saepius
956 806 1195 857 superante
1234 802 1415 845 suffulta
1457 805 1586 857 longa
1626 808 1869 850 laxiuscula

153 864 433 917 pubescente,
460 863 634 904 bractea
660 862 880 904 exteriore
911 862 1096 915 oblonga
1125 863 1353 916 spinulose
1389 868 1433 904 et
1465 865 1680 916 profunde
1713 867 1870 909 inciso-

153 922 325 965 dcntala
378 923 520 975 calyce
572 921 883 973 subbreviore‚
927 921 1159 964 bracteolis
1212 921 1666 967 lineari-lanceolatis
1711 925 1867 976 acutis,

151 982 309 1036 calycis
335 981 651 1023 membranacei
676 979 871 1033 bipartiti
905 980 1058 1022 lacinia
1084 981 1313 1033 superiore
1348 980 1744 1038 obovato·oblonga
1771 995 1870 1027 con-

150 1042 254 1082 cava
273 1041 393 1093 apice
414 1039 738 1082 subtrideutata
757 1039 963 1081 inferiore
980 1039 1271 1082 subbreviore
1295 1040 1729 1094 lineari—spatliulata
1749 1043 1869 1097 apice

151 1098 387 1150 bidentat-21,
414 1099 586 1141 corollae
622 1098 777 1139 albidae
813 1097 924 1141 labio
961 1098 1117 1141 obtuse
1153 1098 1306 1140 trilobo
1336 1099 1507 1141 inferne
1531 1107 1765 1155 angustato
1804 1108 1864 1150 26.

199 1173 300 1208 Hab.
316 1173 354 1208 in
371 1172 585 1219 pinguibus
600 1172 771 1218 regionis
788 1172 982 1209 inferioris
999 1172 1176 1209 Thracia:
1191 1175 1229 1208 et
1243 1172 1484 1209 Macedoniae
1494 1175 1673 1222 (Fi-ider„
1683 1177 1713 1212 G
1723 1176 1866 1221 riseb.).

150 1219 181 1255 E
199 1220 344 1256 ditione
365 1220 541 1256 nondum
559 1219 653 1255 vidi.

197 1284 345 1320 Forsan
372 1294 418 1320 ex
444 1284 570 1331 patria
594 1287 632 1320 et
660 1286 751 1319 area
776 1284 1041 1332 geographica
1071 1285 1286 1331 specimina
1318 1285 1436 1321 citata
1465 1286 1517 1321 ad
1547 1287 1596 1322 A.
1621 1287 1870 1334 lonffl'folz'um

150 1331 251 1367 Host
292 1332 496 1367 reserenda
537 1332 630 1367 sunt
665 1332 836 1377 speciem
873 1333 1033 1368 astinem
1064 1331 1328 1367 Dalmaticam
1361 1333 1545 1369 foliorum
1590 1335 1746 1370 laciniis
1792 1335 1870 1371 late

146 1380 277 1414 ovatis
297 1379 480 1414 omnibus
499 1379 692 1414 distinctis
719 1383 755 1413 et
780 1378 866 1413 basi
892 1379 1060 1426 abrupte
1081 1380 1306 1425 attenuatis,
1336 1381 1495 1416 rachide
1519 1381 1636 1427 alata,
1658 1383 1870 1419 bracteolis

146 1426 355 1465 subulatis.
385 1426 530 1472 calycis
559 1425 666 1461 labio
694 1425 878 1461 inferiore
903 1427 1056 1473 integro
1076 1427 1316 1462 distinctam.
1350 1428 1490 1463 Planta
1521 1439 1544 1463 a
1567 1429 1614 1464 cl.
1642 1429 1795 1465 Griseb.
1823 1440 1868 1466 ex

146 1472 319 1509 Albania
340 1473 489 1509 boreali
506 1474 632 1518 (extra
650 1473 840 1509 ditionem
860 1476 1054 1520 nostram)
1071 1474 1174 1510 lecta
1192 1478 1252 1510 est
1269 1475 1317 1510 A.
1338 1474 1576 1522 lonyz'folz'as.

149 1582 175 1618 b
194 1538 253 1572 Ar.
272 1537 416 1619 lGeoqr.
447 1536 666 1577 Lusitania,
696 1535 902 1583 Hispania,
937 1537 1070 1573 Gallia
1104 1536 1303 1581 australis,
1334 1537 1458 1584 Italia,
1493 1538 1708 1585 Dalmatia,
1739 1540 1870 1576 Africa

178 1593 269 1619 orea
288 1594 330 1619 is.

209 1685 245 1725 2.
282 1684 341 1726 A.
373 1681 739 1727 Dioscoridis
767 1684 835 1739 [L.
864 1683 936 1738 Sp.
962 1685 1040 1727 Ed.
1069 1684 1218 1727 Willd.
1250 1683 1325 1737 ΙΙΙ,
1349 1698 1390 1740 p.
1422 1686 1527 1741 398)
1550 1688 1675 1730 caule
1697 1690 1865 1730 tomen-

146 1742 250 1786 tello
276 1743 486 1796 elongato,
516 1743 627 1786 l'oliis
652 1743 735 1786 sub
763 1745 879 1786 lente
904 1743 1191 1798 papillaribus
1225 1745 1322 1786 laete
1345 1745 1562 1788 viridibus
1589 1746 1865 1789 membrana·

146 1802 234 1844 ceis
262 1801 463 1855 rigidulis
489 1802 750 1845 radicalibus
774 1804 901 1856 longe
933 1803 1393 1857 oblongo-lanceolatis
1425 1805 1469 1846 in
1502 1806 1712 1858 petiolum
1740 1806 1864 1859 longe

146 1862 382 1903 attenuatis
404 1861 700 1914 integerrimis
725 1862 791 1903 vel
821 1862 990 1904 inferne
1017 1863 1228 1917 utrinque
1253 1863 1328 1905 2-3
1357 1863 1562 1907 lobulatis
1594 1865 1703 1908 lobis
1728 1865 1864 1907 triau-

145 1920 372 1971 gularibus
413 1932 530 1973 saepe
570 1921 1100 1974 mucronato-spinulosis‚
1140 1922 1326 1964 caulinis
1366 1923 1594 1967 diminutis
1627 1924 1864 1967 sessilibus

144 1978 601 2031 spiuuloso·dentatis‚
639 1979 757 2034 spica
795 1980 921 2033 longa
948 1983 1098 2023 crassa
1122 1981 1272 2032 densa,
1318 1982 1504 2025 bracteis
1539 1984 1624 2026 late
1655 1984 1864 2037 oblongo-

143 2038 402 2080 acominatis
443 2038 659 2091 profunde
701 2039 1056 2092 spinoso-incisis
1092 2041 1282 2093 calycem
1322 2040 1703 2096 subaequantibus,
1739 2041 1864 2084 brac·

145 2097 270 2139 teolls
290 2098 506 2140 subulatis
530 2097 699 2147 cibatis,
718 2098 874 2152 calycis
897 2099 1055 2142 hirsuti
1075 2099 1230 2141 lacinia
1248 2100 1481 2153 superiore
1498 2102 1864 2155 oblongo-lineari

145 2154 314 2207 integra
347 2157 507 2199 corolla
542 2156 611 2198 vix
641 2157 855 2206 breviore,
894 2157 1101 2201 inferlm-e
1138 2163 1320 2212 anguste
1355 2159 1509 2202 lineari
1537 2162 1658 2215 apice
1684 2162 1863 2203 dilatata

147 2213 327 2268 integra.
373 2216 542 2258 corollae
579 2227 813 2270 pur-purete
853 2216 965 2259 labio
1014 2218 1098 2260 lato
1140 2218 1298 2261 trilobo
1341 2217 1436 2260 basi
1478 2225 1709 2274 angustato
1749 2219 1862 2263 tobis

146 2271 367 2316 latissimis
395 2274 642 2317 subretusis
670 2280 707 2322 26
729 2306 738 2315 .
776 2275 825 2317 A.
856 2275 1026 2318 Raddez·
1054 2276 1234 2319 Trautv.
1258 2277 1373 2332 Aliq.
1394 2289 1462 2332 sp.
1481 2291 1606 2322 novae
1622 2292 1663 2334 p.
1688 2281 1726 2322 3.

194 2348 293 2384 Hab.
313 2349 353 2385 in
373 2350 551 2385 dumosis
573 2350 799 2397 subalpinis
817 2352 1017 2388 Armeniae
1047 2353 1086 2388 in
1116 2363 1225 2400 prov.
1254 2353 1395 2390 Musch
1421 2354 1514 2401 (ΚΥ.
1543 2354 1678 2402 Suppl.
1706 2355 1808 2400 7220
1828 2359 1864 2391 et

145 2396 186 2431 in
203 2406 310 2442 prov.
333 2397 516 2433 Erzerum
533 2398 687 2441 (Radsle
701 2401 738 2443 l),
757 2398 1053 2445 Mesopotamiae
1070 2401 1172 2437 inter
1186 2401 1333 2437 Suerek
1351 2405 1390 2437 et
1407 2402 1617 2438 Diarbekir
1633 2403 1728 2448 (ΚΥ.
1745 2403 1864 2448 1712),

148 2442 408 2479 lx'uulistauiae
430 2444 600 2480 Persicae-
614 2445 663 2480 ad
683 2446 855 2481 Mendeli
873 2447 974 2490 (Noe
994 2448 1136 2492 11:371),
1164 2450 1267 2484 inter
1286 2449 1460 2485 Masibin
1487 2454 1523 2485 et
1541 2450 1738 2496 Awibeng
1758 2454 1796 2485 et
1813 2451 1862 2486 ad

147 2489 306 2525 Nansud
328 2491 472 2527 7-8000'
495 2492 718 2537 (Hausskl).

193 2554 304 2589 Folia
331 2555 514 2591 inferiora
540 2567 627 2592 cum
659 2557 804 2603 potiolo
833 2568 938 2606 saepe
965 2559 1122 2606 pedalia
1149 2560 1444 2607 1¹l2-2-pollices
1475 2561 1566 2606 lata,
1597 2562 1706 2608 spica
1731 2572 1863 2598 crassa

147 2601 465 2648 ·7-1o-p‹)lltcm·is.
494 2603 556 2639 Acl
583 2604 681 2639 lianc
704 2605 856 2640 unicam
876 2609 1047 2653 speciem
1067 2609 1344 2643 accomodatur
1364 2608 1520 2655 phrasis
1548 2609 1699 2645 Linnaei
1727 2625 1738 2641 κ
1752 2608 1862 2656 foliis

147 2646 374 2685 lanceolam
393 2650 654 2696 tubessel-rimis
674 2653 856 2697 marsyz'ne
878 2655 1045 2699 spinosis
1062 2669 1074 2685 ι»
1103 2657 1288 2701 quamvis
1309 2659 1434 2703 spinae
1454 2658 1703 2702 paucissima:
1725 2658 1804 2693 sint
1825 2661 1862 2692 et

145 2704 247 2741 saepe
265 2697 426 2745 omnino
446 2697 638 2732 deficiant.
660 2698 783 2734 Locus¹
806 2714 821 2730 τ
839 2701 1014 2737 Libanus
1032 2716 1048 2733 υ
1070 2712 1227 2749 quoque
1250 2712 1330 2738 non
1349 2705 1548 2747 convenit,
1567 2705 1635 2740 secl
1654 2705 1729 2739 loci
1751 2705 1861 2751 plan-

146 2744 273 2777 tarum
293 2744 553 2779 Orientalium
569 2756 590 2779 a
611 2745 799 2781 botaniois
820 2748 1114 2795 antiquioribus
1130 2750 1291 2785 indicati
1307 2752 1453 2798 saepius
1469 2753 1632 2787 erronei.
1652 2754 1859 2798 §peelmen

147 2788 183 2823 iu
205 2790 384 2825 herbario
405 2790 543 2826 Linnei
562 2792 727 2827 nullum.

286 2891 343 2933 A.
381 2890 659 2936 hirsutus
688 2894 848 2948 (Boiss.
874 2895 1025 2950 Diagn.
1050 2896 1142 2941 Ser.
1172 2897 1207 2949 Ι,
1237 2899 1273 2947 4,
1308 2911 1349 2952 p.
1381 2899 1454 2953 86)
1491 2901 1608 2941 totus
1635 2898 1735 2954 pilis
1759 2898 1857 2942 bre·

147 2948 274 2991 vibus
301 2951 504 3001 crispulis
531 2952 714 2994 deflexis
735 2953 946 3006 hirsutus
970 2957 1090 2999 caule
1109 2958 1270 3011 saepius
1287 2958 1440 3000 humili
1459 2959 1570 3000 toliis
1594 2958 1858 3001 radicalibus

147 3005 364 3059 breviore,
410 3008 518 3053 foliis
559 3012 822 3055 ratlicalibus
865 3014 1005 3069 longis
1045 3022 1229 3070 anguste
1268 3017 1520 3060 lanceolatis
1563 3018 1781 3071 petiolatis
1817 3018 1858 3059 in

1671 3084 1716 3120 34
