2100 3262
247 211 341 249 1020
980 211 1244 239 POLYGONEAE.
1693 205 1962 254 Atraphaxz's,

253 298 323 340 vel
353 298 377 337 8
405 292 638 336 filamentis
661 290 754 332 basi
789 289 963 331 dilatata
994 287 1204 341 perigenii
1236 286 1368 328 fundo
1406 287 1597 331 insertis.
1632 288 1741 344 Styli
1778 292 1801 333 2
1831 292 1897 333 vel
1922 293 1960 335 3.

253 356 461 400 Ovarium
514 350 770 393 lenticulare
810 348 876 390 vel
919 348 1182 401 triquetrum
1227 345 1469 399 pericarpio
1515 351 1754 392 crustaceo.
1805 349 1961 393 Semen

253 415 441 458 loculum
470 410 656 464 implens
678 411 869 450 erectum
896 406 1152 448 lenticulare
1172 406 1242 447 vel
1271 404 1502 457 trigonum.
1525 406 1715 462 Embryo
1736 408 1779 451 in
1805 410 1960 463 angulo

252 472 432 517 seminis
471 468 681 511 albumini
727 467 942 509 farinaceo
981 463 1237 507 incumbens
1279 467 1506 516 curvatus,
1549 466 1743 509 radicula
1785 480 1958 522 supera,

251 530 532 584 cotyledones
569 527 769 568 lineares.
818 524 1014 566 Frutices
1055 522 1341 565 ramosissimi
1390 523 1612 566 interdum
1661 527 1958 579 spinescentes

249 591 364 633 foliis
407 586 588 631 alternis
627 585 831 627 coriaceis
871 584 938 625 vel
983 581 1291 625 crassiusculis
1334 593 1430 624 cum
1473 583 1652 635 pulvillo
1693 585 1956 637 persistente

251 648 504 693 articulatis.
531 645 710 688 Ochreae
734 643 934 685 scariosae
961 641 1051 683 basi
1076 641 1341 693 vaginantes.
1369 641 1573 683 Pedicelli
1601 643 1829 696 capillares
1857 645 1958 686 arti-

251 708 380 751 culati
407 707 581 747 ‹lemum
608 706 822 745 nutantes.
863 701 1029 744 Divisio
1054 700 1098 742 in
1124 700 1338 743 sectiones
1365 699 1702 753 Eeoatraplzaxis
1725 706 1768 744 et.
1795 703 1956 755 Trago-

243 777 411 820 pyrum
443 765 495 807 ob
534 762 580 804 A.
616 761 877 804 Biclardierzf
905 761 948 802 in
981 764 1067 814 qua
1102 760 1236 802 flores
1271 759 1497 801 tetrameri
1532 762 1796 812 pentameris
1835 762 1955 805 mixti

249 827 544 870 observantur
582 822 709 864 nimis
753 820 992 862 artificialis
1035 822 1114 861 est.
1153 830 1248 860 eam
1289 822 1432 860 tamen
1476 819 1662 862 servavI.
1702 820 1955 864 Artificialis

249 896 424 940 quoque
458 885 556 924 nota
585 893 638 923 ex
669 879 990 922 inflorescentia
1017 891 1039 919 a
1063 877 1191 919 claris
1218 875 1344 919 Jaub.
1376 880 1418 919 et
1451 877 1526 932 Sp.
1557 878 1830 934 deprompta,
1858 892 1955 922 nam

249 944 374 987 amic.
419 943 570 993 Bunge
607 941 868 983 observante
902 937 1050 980 eadem
1093 936 1258 990 species
1301 947 1404 978 vere
1443 937 1686 980 racemulos
1726 939 1778 980 ad
1814 949 1957 981 ramos

249 1002 443 1045 novellos
481 1004 523 1043 et
563 1002 774 1042 autumno
809 997 1012 1041 laterales
1049 997 1102 1039 ad
1140 1007 1284 1038 ramos
1318 997 1406 1048 jam
1446 996 1733 1048 liguescentes
1774 998 1956 1051 profert.

249 1061 455 1104 Pedicelli
486 1059 687 1111 demique
713 1057 764 1098 ad
794 1057 914 1099 basin
941 1057 984 1098 in
1011 1056 1160 1097 eadem
1194 1055 1337 1108 specie
1363 1055 1563 1098 oclireola
1596 1058 1772 1111 propria
1799 1056 1957 1110 cyathi„

247 1121 372 1163 sormi
404 1119 552 1162 donati
584 1118 647 1161 vel
675 1117 813 1159 orbati
842 1116 1147 1158 observantur.

669 1275 919 1328 specierum
950 1273 1242 1316 Orientale'mn
1269 1271 1535 1315 distributio.

276 1408 396 1452 SECT.
436 1408 465 1449 Ι.
497 1408 830 1450 EuArnApfflxis
871 1404 995 1446 Jaub.
1037 1406 1079 1446 et
1113 1403 1184 1457 Sp.
1214 1427 1272 1433 -
1305 1402 1582 1455 Perigonium
1620 1404 1918 1444 tetramerum.

486 1466 681 1509 Stamina
706 1478 795 1517 sex,
822 1464 1022 1517 stigmata
1048 1463 1159 1505 bina.
1183 1462 1424 1505 Achenium
1449 1461 1716 1503 lenticulare.

292 1565 341 1600 A.
362 1564 532 1611 spinosa,
559 1567 781 1610 compacta7
801 1561 993 1607 candida,
1009 1559 1227 1607 Affylzcma.

306 1697 429 1741 SECT.
460 1697 515 1739 ll.
539 1698 850 1739 TRAGOPYRUM.
880 1718 928 1723 —
953 1693 1260 1745 Trayopyrmn
1281 1694 1323 1733 et
1347 1689 1727 1743 Tragyatruphaoeis
1749 1690 1786 1733 J.
1813 1693 1856 1733 et
1882 1689 1952 1744 Sp.

542 1755 821 1807 Perigonium
864 1757 1180 1806 pentamerum.
1221 1750 1411 1793 Stamina
1461 1754 1566 1792 octo.
1613 1749 1820 1803 Stigmata
1858 1749 1952 1792 tria.

544 1815 785 1858 Achenium
808 1813 1074 1865 triquetrum
1101 1811 1268 1866 (confer
1294 1810 1344 1851 A.
1370 1808 1665 1864 Billarde'eri).

377 1924 386 1934 '
416 1922 617 1967 Perigonii
641 1920 832 1956 fructiferi
851 1919 991 1965 sepala
1009 1918 1106 1954 bina
1125 1918 1320 1952 exteriora
1343 1916 1470 1951 multo
1490 1916 1647 1952 minora
1668 1916 1820 1952 reflexa.

683 2005 723 2046 -l-
755 2002 869 2037 Folia
887 2000 1032 2037 subtus
1056 2001 1275 2047 praesertim
1297 1998 1516 2034 reticulata.

290 2087 339 2122 A.
362 2085 602 2130 Bc‘llardz‘erz',
628 2083 906 2130 Tournefortz'z',
926 2082 1126 2128 laxzsoZia,
1145 2081 1344 2129 pyrefole'a.

582 2194 623 2235 4-
649 2194 689 2234 4-
718 2189 832 2225 Folia
852 2191 1020 2235 anguste
1041 2188 1206 2224 linearia
1229 2188 1442 2223 uninervia
1461 2187 1617 2223 avenia.

288 2275 338 2310 A.
359 2272 629 2320 αηρειείίίοῖία,
652 2271 911 2309 sucedcefolz'a.

309 2384 319 2395 ·
339 2383 348 2393 ·
375 2381 576 2427 Perigonii
599 2381 792 2416 fructiferi
813 2380 950 2427 sepala
971 2380 1067 2415 bina
1086 2380 1280 2415 exteriora
1301 2380 1371 2414 vix
1389 2378 1600 2414 dissimilia
1625 2388 1703 2414 non
1726 2378 1883 2414 reflexa.

288 2464 337 2499 A.
358 2462 622 2509 qmndzflora,
644 2461 828 2498 Aucherz‘.

812 2729 932 2774 SECT.
968 2730 999 2771 I.
1034 2730 1384 2773 EUATRAPHAXIS.

304 2862 338 2901 1.
366 2860 425 2902 Α.
451 2859 702 2915 spinosa
721 2858 787 2913 (L.
815 2858 887 2913 Sp.
913 2859 945 2912 I,
975 2872 1013 2912 p.
1041 2857 1147 2913 475)
1172 2858 1392 2908 fruticosa,
1413 2858 1547 2900 ramis
1567 2857 1804 2912 gracilibus
1828 2856 1947 2898 elon-

238 2919 346 2972 gatis
372 2920 642 2972 ramulisque
666 2919 915 2972 patentibus
938 2919 1007 2961 vel
1029 2918 1339 2962 strictizisculis
1363 2917 1715 2973 spinescentibus
1741 2915 1806 2959 vel
1832 2915 1946 2958 iner-

241 2979 382 3021 mibus
424 2979 582 3021 cortice
620 2979 890 3021 fuscescente
923 2979 990 3020 vel
1025 2977 1331 3026 albo-cinerea,
1366 2977 1535 3020 ochreis
1570 2976 1794 3027 brevibus,
1834 2974 1944 3017 foliis
