2080 3241
128 187 323 224 Primula.
840 191 1122 222 PRIMULACEAE.
1787 182 1834 220 25

179 268 283 305 Hah.
304 268 345 303 in
363 266 543 303 Thraciae
567 268 698 301 monte
724 264 864 300 Haemo
887 264 1008 309 (Friv.
1028 274 1076 300 ex
1104 264 1260 300 Griseb.
1281 264 1411 311 Spic.),
1438 265 1479 300 in
1499 264 1646 300 Tauria
1664 268 1700 301 et
1718 276 1831 312 prov.

130 314 548 400 ξὲῐιὶιὲἶεέιίῧίἑῗὼοαῐα
579 313 646 349 sed
671 313 781 360 prob.
805 322 853 348 ex
877 312 1105 349 confusione
1133 322 1222 352 cum
1246 311 1295 348 P.
1323 311 1609 360 mac-recalyce.
1638 313 1669 348 E
1687 313 1834 350 ditione

131 420 245 503 δὲῃ..
270 417 403 463 Geoqr.
436 417 598 463 Europa
629 415 948 463 septentrionalis
981 417 1019 451 et
1048 415 1179 451 media
1213 425 1236 450 a
1266 414 1531 452 Scandinavia
1556 415 1606 451 ad
1637 415 1835 461 Bossiam,

158 476 171 502 1
202 476 285 502 ma.

191 576 232 617 6.
266 572 325 615 P.
364 571 720 617 suaveolens
741 570 923 626 (Bertol.
946 570 1100 613 Journ.
1120 569 1213 613 Bot.
1240 571 1370 622 1813,
1396 584 1436 624 p.
1463 569 1538 624 76)
1566 570 1677 612 soliis
1704 582 1836 623 rugu—

136 634 237 677 losis
263 633 402 676 ovatis
424 631 492 674 vel
511 630 786 675 subcordatis
806 630 851 672 in
872 630 1081 684 petiolum
1105 628 1264 672 alatum
1285 629 1446 685 saepius
1471 630 1655 683 abrupte
1672 629 1834 672 abeun-

134 693 250 736 tibus
291 692 449 735 subtus
490 690 733 733 canescenti
778 689 849 732 vel
890 689 1325 739 niveo-tomentosis,
1370 689 1510 743 scapis
1551 688 1836 731 umbelliferis

133 751 317 796 floribus
344 749 662 795 unilateraliter
694 748 965 801 nutantibus,
989 747 1208 795 involucri
1232 748 1395 802 phyllis
1420 762 1442 790 a
1471 748 1559 789 basi
1589 749 1673 789 lata
1702 747 1835 790 subu-

132 812 243 865 latiS,
271 812 416 865 calyce
448 808 699 853 tomentello
734 807 971 863 cylindrico
1002 807 1207 850 obconico
1243 810 1396 861 argute
1432 808 1632 860 angulato
1665 806 1836 850 corollte

131 883 217 914 non
246 870 456 924 adpresso
483 868 593 911 lobis
614 867 810 911 breviter
837 866 1184 919 ovato-oblongis
1214 866 1486 917 acuminatis,
1512 867 1683 909 corollae
1709 866 1837 908 luteze

131 930 262 973 limbo
292 927 635 971 concaviusculo
675 927 780 971 tubo
826 926 1029 970 breviore
1079 931 1140 974 26.
1189 922 1244 968 Ic.
1283 925 1418 969 Rchb.
1458 927 1543 969 tab.
1581 927 1648 968 50.
1693 950 1745 955 —
1786 926 1833 967 P.

133 987 348 1032 Columna:
371 988 473 1030 Ten.

178 1055 280 1091 Hah.
298 1055 340 1091 in
367 1054 490 1100 pratis
513 1053 658 1101 alpinis
686 1053 849 1089 Graeciae
873 1052 914 1087 in
940 1051 1215 1099 Peloponneso
1242 1051 1417 1098 (Bory!)‚
1445 1052 1616 1098 Olympo
1643 1051 1836 1088 Thessalo

131 1101 320 1148 (Heldrl),
339 1101 570 1138 Macedonia
583 1102 623 1136 in
639 1104 771 1137 monte
781 1099 928 1136 Scardo
943 1099 1143 1145 (Griseb.),
1161 1100 1350 1135 Armenia
1364 1099 1527 1135 Turcica
1546 1099 1595 1134 ad
1609 1099 1833 1135 Gumusch-

131 1149 517 1244 llzjbaqrzioe'zmegciaqjggjr
543 1148 666 1185 chane
696 1148 894 1193 (Boni-gl),
915 1147 1040 1184 Ponto
1068 1147 1206 1184 Lazieo
1232 1157 1351 1194 supra
1377 1147 1516 1193 Djimil
1535 1146 1636 1191 (Bal.
1658 1157 1739 1182 exs.
1761 1146 1837 1181 sub

182 1253 306 1290 Valde
330 1253 460 1289 affinis
488 1252 534 1288 P.
563 1252 750 1299 officz'nalz'
777 1252 889 1295 cujus
916 1251 956 1286 in
981 1250 1139 1297 Europa
1162 1250 1324 1287 australi
1351 1250 1456 1287 vices
1483 1250 1564 1296 agit
1584 1252 1622 1286 et
1646 1250 1777 1285 forsan
1800 1250 1838 1284 in

137 1311 225 1339 eam
250 1301 463 1347 transiens3
489 1299 618 1336 differt
641 1299 748 1335 foliis
769 1298 909 1334 subtus
935 1297 1025 1345 plus
1050 1296 1183 1334 minus
1209 1299 1316 1334 canis
1343 1299 1384 1334 in
1412 1297 1604 1345 petiolum
1633 1297 1839 1343 abruptius

135 1349 374 1385 abeuntibus
393 1350 431 1384 et
447 1348 667 1395 praesertim
687 1346 843 1383 corollae
863 1346 1016 1382 laciniis
1035 1345 1255 1393 majoribus
1275 1346 1409 1381 minus
1427 1345 1624 1382 concavis.

132 1451 158 1488 S
184 1404 246 1487 Ag..
274 1403 406 1450 Geoqr.
432 1403 641 1451 Hispania,
657 1402 846 1439 Gallia'et
863 1401 1049 1438 Helvetia
1066 1400 1469 1447 australiores,1talia‚
1485 1400 1610 1440 Istria,
1629 1399 1841 1444 Dalmatia,

163 1462 203 1488 er
233 1462 282 1488 la.

196 1563 236 1604 7.
272 1560 331 1603 P.
362 1559 744 1615 macrocalyx
776 1559 885 1614 (Bge
911 1559 956 1602 in
990 1559 1052 1602 Fl.
1081 1559 1168 1601 Ait.
1198 1558 1231 1612 I,
1260 1572 1299 1614 p.
1327 1558 1433 1613 209)
1471 1557 1583 1600 foliis
1618 1558 1840 1610 rugulosis

135 1621 274 1664 ovatis
299 1620 368 1663 vel
402 1620 591 1662 cordatis
626 1620 673 1662 in
710 1619 921 1674 petiolum
960 1619 1123 1662 alatum
1156 1618 1342 1673 abrupte
1380 1616 1644 1661 abeuntibus
1682 1616 1840 1659 subtus

132 1680 261 1724 hirtis
300 1679 374 1723 vix
415 1679 760 1731 canescentibus,
788 1678 930 1732 scapis
969 1677 1258 1722 umbelliferis
1299 1677 1484 1720 floribus
1523 1676 1838 1719 unilateraliter

135 1739 405 1789 nutantibus,
430 1738 646 1782 involucri
669 1737 828 1792 phyllis
851 1737 1115 1790 lanceolatis,
1145 1737 1289 1790 calyce
1312 1736 1564 1780 tomentello
1586 1749 1608 1777 a
1637 1734 1730 1777 basi
1758 1736 1842 1777 late

136 1799 340 1843 obconico
374 1801 593 1853 aperturae
627 1797 838 1840 diametro
869 1797 1133 1852 longitudini
1156 1796 1483 1851 suhaequilongo
1512 1795 1622 1837 lobis
1648 1794 1842 1836 breviter

137 1858 559 1912 triangulari-ovatis
577 1857 847 1911 acuminatis,
863 1857 1035 1900 corollae
1058 1857 1187 1900 luteae
1211 1856 1343 1899 limbo
1367 1865 1553 1898 concavo
1575 1854 1679 1896 tubo
1707 1854 1839 1895 multo

137 1917 341 1960 breviore
374 1923 434 1966 315.
469 1916 508 1959 C.
540 1916 773 1971 officinalis
801 1928 892 1959 var.
920 1915 1202 1969 macrocalyoe
1236 1914 1279 1958 C.
1307 1915 1424 1958 Koch
1462 1913 1584 1956 Linn.
1627 1912 1758 1953 XVII.
1789 1936 1841 1941 -

139 1976 187 2020 P.
217 1975 443 2020 Uralensz's
464 1976 605 2019 Fisch.
635 1987 689 2018 ex
711 1976 846 2019 Rchb.
872 1975 936 2018 Pl.
965 1975 1068 2019 crit.
1099 1973 1218 2019 Cent.
1249 1974 1343 2027 VII,
1370 1973 1454 2016 tab.
1484 1974 1581 2015 638.

192 2042 295 2078 Hah.
323 2042 363 2077 in
392 2042 585 2078 montosis
617 2041 755 2078 Iberiae
787 2041 1011 2077 Caucasieae
1043 2040 1182 2085 (Hoh!,
1212 2039 1370 2087 RuprO,
1401 2038 1565 2074 Caucasi
1595 2036 1776 2073 centralis
1808 2038 1842 2070 et

139 2089 344 2126 orientalis
373 2088 605 2126 3500'-6000’
630 2089 805 2136 (Ruprll,
836 2089 984 2126 ditione
1011 2088 1186 2134 Talysch
1210 2087 1370 2133 (Hohl),
1397 2085 1582 2122 Armenia
1605 2084 1765 2120 Rossica
1792 2082 1839 2117 ad

137 2137 234 2173 fines
251 2137 428 2173 Persicas
448 2136 616 2183 (Szov!),
634 2136 767 2173 Persia
785 2137 865 2173 hor.
884 2137 926 2172 in
944 2138 1078 2172 monte
1095 2136 1241 2172 Elbrus
1262 2134 1352 2181 (ΚΥ.
1372 2133 1487 2178 132ῑ).

185 2192 309 2229 Valde
323 2193 453 2230 affinis
468 2193 515 2229 P.
535 2193 794 2239 officz'nalicui
807 2204 829 2228 a
844 2192 1050 2229 nonnullis
1062 2193 1148 2239 jure
1163 2192 1296 2227 forsan
1312 2189 1535 2226 utvarietas
1550 2187 1843 2228 adnumeratur,

138 2239 619 2334 ‹Ilgffgbgccyazllyigefglerygore
638 2243 675 2278 et
693 2251 758 2278 ore
777 2240 927 2276 latiore.
944 2239 989 2276 P.
1015 2240 1161 2287 inflata
1181 2238 1316 2275 Lehm.
1337 2248 1386 2274 ex
1402 2235 1607 2282 Hungaria
1628 2237 1686 2270 est
1709 2234 1836 2280 potius·

186 2344 250 2380 Ar.
273 2344 404 2391 Geoqr.
431 2344 637 2391 Songaria,
654 2345 799 2381 Sihiria
817 2344 1021 2382 Uralensis
1040 2346 1078 2380 et
1095 2342 1260 2380 Altaica.

199 2455 238 2496 8.
273 2451 328 2494 Ρ.
354 2451 569 2495 elatior
592 2452 731 2507 (Jacq.
756 2453 873 2495 Misc.
899 2452 931 2506 I,
956 2465 995 2507 p.
1028 2450 1131 2506 158]
1159 2450 1272 2493 foliis
1298 2447 1519 2504 rugulosis
1544 2444 1843 2490 ovato-oblon-

140 2513 205 2566 gis
244 2512 399 2555 subtus
438 2512 567 2554 hirtis
608 2511 916 2566 pallidioribus
950 2511 995 2554 in
1031 2511 1240 2565 petiolum
1274 2510 1436 2552 alatum
1465 2506 1626 2560 saepius
1659 2504 1843 2557 abrupte

141 2572 388 2622 contractis,
409 2571 551 2626 scapis
578 2570 865 2614 umbelliferis
884 2570 1069 2614 floribus
1093 2568 1410 2613 unilateraliter
1430 2564 1700 2612 nutantibus,
1725 2563 1841 2604 invo—

142 2630 251 2674 lucri
276 2631 437 2685 phyllis
460 2643 483 2672 a
510 2630 603 2673 basi
630 2631 783 2673 latiore
806 2630 1038 2683 subulatis,
1063 2629 1288 2684 pedicellis
1317 2628 1440 2680 longe
1466 2629 1509 2667 et
1540 2623 1731 2677 crispulo
1755 2622 1840 2663 hir—

145 2690 271 2743 sutis,
289 2690 447 2743 calyeis
470 2690 572 2733 hirti
590 2693 773 2743 anguste
791 2689 1019 2744 cylindrici
1037 2689 1209 2731 corollae
1233 2685 1432 2742 adpressi
1457 2683 1659 2726 dentibus
1677 2682 1844 2723 lanceo-

145 2748 243 2792 latis
277 2750 415 2791 acutis
448 2749 552 2792 tubo
583 2749 714 2803 duplo
740 2749 1032 2801 brevioribus,
1060 2748 1231 2791 corollae
1258 2747 1384 2789 lutere
1413 2743 1545 2787 limbo
1575 2743 1704 2796 piano
1741 2740 1845 2782 tubo

144 2808 387 2907 aequilongo
422 2814 482 2858 36.
508 2808 562 2851 Ie.
587 2808 651 2850 Fl.
681 2808 788 2851 Dan.
808 2808 892 2851 tab.
910 2808 1008 2850 434.
1032 2831 1090 2837 -—
1109 2807 1244 2850 Rchb.
1263 2805 1348 2848 tab.
1370 2805 1438 2846 49.
1465 2827 1521 2832 —
1544 2801 1588 2843 P.
1616 2799 1730 2842 rere's
1754 2811 1842 2840 var.

143 2877 162 2907 e
182 2866 298 2910 atior
322 2867 367 2909 L.

192 2939 295 2977 Hah.
316 2941 356 2977 in
375 2941 580 2988 sylvatieis
601 2942 758 2978 Tauriae
777 2940 1048 2978 meridionalis
1067 2940 1117 2976 ad
1137 2938 1253 2985 Bijuk
1273 2937 1442 2974 Lambat
1462 2936 1618 2980 (stow),
1643 2936 1679 2969 et
1700 2931 1846 2985 Trans-

144 2988 334 3024 caucasiae
353 2989 454 3025 circa
469 2988 671 3025 Schuscha
689 2989 863 3034 (Hohen.
884 2999 931 3025 ex
950 2988 1098 3035 Rupr.).
1113 2987 1145 3023 E
1164 2986 1311 3022 ditione
1329 2995 1416 3021 eam
1435 2983 1612 3020 nondum
1634 2979 1727 3016 vidi.
