2100 3262
287 225 359 261 148
1001 231 1281 257 BORRAGINEAE.
1785 219 1979 258 Corinthe-

335 304 433 340 Hab.
456 304 505 340 ad
527 313 615 340 oras
634 299 775 338 persiae
801 301 987 337 australis
1006 301 1145 346 (Auch.
1162 300 1306 348 50021),
1326 301 1363 336 in
1391 300 1566 336 arenosis
1585 300 1806 336 insularum
1833 299 1985 336 Karrak

287 354 325 388 et
343 352 474 397 Korgo
494 351 583 396 (Ky.
602 350 696 393 221).

331 413 520 450 Fruticuli
540 412 801 449 ramosissimi
822 413 1096 459 ¹lad-pedales,
1114 412 1209 447 folia
1226 412 1288 448 3-4
1307 411 1430 448 lineas
1449 412 1570 458 longa
1587 412 1607 446 1
1627 412 1717 456 lata,
1731 411 1875 447 racemi
1892 410 1982 446 bre-

289 462 443 498 vissimi
461 471 586 507 usque
605 460 654 496 ad
674 460 788 495 flores
805 459 942 495 foliati.

350 626 426 668 Tu.
455 625 528 666 Ill.
555 622 883 667 BORRAGEAE
910 635 990 665 uc.
1019 622 1173 665 Prodr.
1210 646 1267 652 —
1305 621 1511 664 Ovarium
1549 624 1754 664 constans
1785 620 1985 674 carpellis

587 684 701 725 binis
726 682 943 736 bipartitis
971 681 1114 724 rarius
1139 681 1463 723 bilocularibus.
1491 679 1642 733 Stylus
1665 692 1688 721 a
1712 679 1805 722 basi
1828 679 1870 721 in
1889 691 1985 721 cen-

580 746 648 785 tro
666 742 934 796 gynobaseos
957 744 1095 783 ortus.
1123 739 1304 783 Nuculae
1322 743 1510 793 quatuor
1534 738 1824 781 uniloculares
1842 738 1985 781 rarius

581 801 666 844 duo
688 800 960 850 biloculares.
985 798 1158 841 Semina
1183 798 1520 841 exalbuminosa.

289 961 442 1004 Suum.
476 961 507 1003 I.
544 958 882 1001 CERINTHEAE
908 970 1065 1001 1).c.—
1086 956 1266 1000 Nuculae
1291 956 1375 999 duo
1400 956 1658 998 biloculares
1685 956 1829 998 areola
1859 956 1986 1008 plana

615 1022 710 1061 toro
735 1017 977 1059 insidentes
1002 1028 1024 1058 a
1049 1016 1258 1070 gynobasi
1285 1019 1327 1058 et
1355 1016 1466 1069 stylo
1493 1014 1651 1058 liberae.

667 1157 925 1206 cffluNTfltt
958 1157 1129 1216 (Toum.
1161 1157 1261 1205 lust.
1291 1157 1364 1213 79,
1394 1155 1478 1204 tab.
1511 1155 1600 1216 56).

348 1301 482 1354 Calyx
532 1298 744 1353 profunde
790 1297 1177 1351 quinquepartitus
1227 1296 1393 1339 laciniis
1442 1295 1630 1338 foliaceis
1677 1296 1980 1350 inaequalibus.

287 1359 458 1402 Corolla
482 1358 687 1402 tubulosa
709 1357 828 1398 fauce
847 1355 975 1398 nuda.
998 1355 1204 1398 Antlierae
1222 1355 1400 1398 liastatae
1422 1355 1530 1398 tobis
1557 1355 1819 1398 basilaribus
1839 1355 1984 1397 diver-

284 1419 486 1472 gentibus
525 1418 643 1471 apice
686 1415 922 1470 appendice
965 1416 1088 1457 acuta
1128 1418 1273 1457 auctae.
1315 1414 1464 1470 Stylus
1505 1414 1719 1457 filiformis
1755 1414 1980 1467 capitatus.

283 1477 427 1521 Nuces
463 1478 487 1518 Ξ
526 1479 663 1519 ovatae
700 1474 921 1517 subosseae
961 1473 1220 1517 biloculares
1254 1485 1276 1516 e
1314 1473 1486 1516 nuculis
1524 1473 1695 1516 duabus
1732 1473 1980 1526 geminatim

283 1536 477 1579 connatis
504 1537 752 1579 constantes
772 1533 862 1575 basi
889 1533 1030 1575 areola
1050 1533 1176 1586 plana
1201 1536 1295 1575 toro
1316 1533 1468 1575 affixae.
1499 1557 1551 1562 —-
1576 1531 1746 1574 Herbae.

348 1682 384 1721 1.
420 1678 474 1722 C.
506 1677 705 1721 minor
736 1675 804 1730 (L.
841 1675 913 1730 Sp.
942 1674 1045 1730 772]
1086 1675 1365 1727 glaucescens
1401 1675 1563 1729 glabra,
1604 1673 1801 1717 caulibus
1829 1674 1985 1718 erectis

284 1738 484 1787 ramosis,
510 1737 621 1780 foliis
658 1734 840 1777 laevibus
875 1734 939 1776 vel
969 1734 1212 1777 verruculis
1237 1734 1460 1777 nonnullis
1496 1733 1648 1777 obsitis
1676 1733 1983 1776 fasciculorum

284 1796 500 1839 sterilium
527 1799 569 1838 et
604 1793 886 1837 inferioribus
924 1792 1389 1850 oblongo-spathulatis
1418 1793 1459 1835 in
1485 1793 1694 1848 petiolum
1723 1792 1983 1846 attenuatis,

284 1855 588 1910 superioribus
607 1852 1002 1906 cordato-oblongis
1027 1852 1235 1895 auriculiS
1256 1852 1516 1902 rotundatis,
1540 1851 1724 1895 racemis
1750 1851 1984 1894 fructiferis

283 1915 410 1956 valde
434 1914 645 1965 elongatis
673 1912 859 1955 bracteis
886 1911 1074 1955 cordatis
1102 1912 1269 1965 calyces
1297 1912 1611 1967 superantibus
1634 1910 1802 1963 obsitis,
1826 1910 1983 1963 calycis

283 1973 450 2016 laciniis
485 1972 732 2015 lanceolatis
760 1971 1049 2025 inaequalibus
1085 1971 1185 2024 plus
1229 1971 1373 2013 minus
1407 1970 1633 2012 manifeste
1659 1969 1812 2012 ciliatis
1836 1969 1983 2012 fructi-

282 2034 388 2075 feris
415 2032 552 2075 auctis
580 2031 670 2073 basi
698 2030 942 2073 rotundatis
967 2029 1036 2072 vel
1064 2029 1618 2077 subcordato-auriculatis,
1653 2028 1811 2072 corolla
1840 2029 1984 2082 calyce

284 2091 630 2145 sesquilongiore
654 2090 765 2132 ultra
791 2090 962 2131 tertiam
983 2092 1148 2142 partem
1172 2089 1215 2131 in
1241 2088 1417 2131 lacinias
1442 2088 1700 2131 lanceolatas
1716 2087 1984 2134 acuminatas

282 2149 731 2193 erectoconniventes
752 2148 864 2200 fissa,
883 2148 1077 2197 antlieris
1097 2148 1314 2191 filament)
1335 2147 1596 2190 brevissimo
1616 2146 1808 2190 suffultis
1826 2157 1984 2201 appen-

283 2209 375 2252 dice
404 2210 548 2251 lancea
573 2208 777 2250 corollam
804 2210 1003 2261 aequante
1029 2208 1094 2249 vel
1125 2207 1327 2249 breviore
1355 2206 1616 2259 terminatis,
1644 2204 1846 2259 carpellis
1867 2205 1983 2248 laevi-

280 2269 364 2311 bus
390 2267 445 2322 Θ
470 2268 541 2310 vel
573 2273 632 2314 26.
659 2267 714 2309 Ic.
739 2265 844 2317 Jacu
880 2265 1029 2308 Austr.
1054 2269 1083 2308 t.
1107 2267 1206 2308 224.
1232 2291 1278 2304 -,-
1308 2265 1442 2308 Rchb.
1472 2269 1501 2307 t.
1530 2266 1599 2307 94.
1618 2290 1674 2295 —
1699 2263 1739 2307 C.
1762 2262 1982 2305 maculata

282 2327 395 2369 ΜΒ.
437 2327 568 2368 Taur.
606 2324 731 2367 Cauc.
772 2325 827 2367 N0
856 2325 957 2367 336.
989 2349 1047 2355 —
1085 2324 1124 2370 C.
1149 2324 1401 2367 ‹zecricztlata
1434 2325 1539 2367 Ten.
1570 2349 1626 2354 —
1664 2323 1704 2366 C.
1734 2322 1982 2365 cleiostoma

281 2386 420 2428 Boiss.
460 2388 502 2428 et
535 2384 632 2440 Spr.
674 2384 823 2438 Diagn.
844 2383 944 2450 .S.e¹.'·
972 2384 1005 2427 Ι.
1041 2385 1156 2450 [zap.
1186 2386 1253 2427 44.
1282 2407 1337 2416 —
1362 2383 1401 2426 C.
1434 2381 1733 2437 macropleylla
1766 2381 1907 2424 Boiss.
1939 2383 1982 2424 et

282 2444 431 2486 Heldr.
456 2444 509 2499 pl.
537 2455 627 2486 exs.
654 2467 709 2474 —
735 2443 774 2485 C.
805 2442 979 2485 Ctlaeczca
1000 2444 1082 2497 Ky.
1107 2455 1197 2486 exs.

329 2518 427 2554 Hab.
447 2518 488 2553 in
505 2517 705 2560 fruticetis,
719 2517 966 2564 rupestribus
983 2517 1180 2554 umbrosis
1197 2516 1396 2553 interdum
1412 2516 1449 2551 in
1467 2516 1582 2552 cultis
1596 2515 1769 2562 regionis
1787 2514 1981 2550 inferioris

280 2567 317 2601 et
335 2566 479 2612 saepius
500 2567 708 2607 montanae,
734 2565 772 2599 in
793 2564 1046 2611 subalpinam
1068 2567 1104 2599 et
1123 2563 1298 2610 alpinam
1318 2564 1547 2606 ascendens,
1566 2563 1719 2599 Graecia
1748 2562 1786 2597 in
1819 2562 1978 2607 regione

282 2612 415 2658 alpina
445 2612 613 2658 Taygeti
641 2611 800 2656 (Heldr!
833 2611 956 2647 forma
988 2611 1289 2657 macrophylla).
1320 2611 1485 2646 Arcadia
1514 2610 1701 2654 (Heldrl)‚
1731 2610 1770 2645 in
1801 2608 1981 2643 faucibus

282 2659 459 2704 Hymetti
476 2661 584 2706 (sprt
605 2659 719 2694 Boiss
731 2662 767 2702 l),
783 2658 954 2705 Olympo
974 2659 1166 2694 Thessalo
1183 2658 1371 2703 (Heldrt)‚
1386 2658 1614 2694 Macedonia
1628 2657 1799 2703 (Orphl‘)‚
1814 2655 1982 2691 Thracia

282 2707 441 2750 (Griseh
451 2709 488 2751 l),
505 2706 692 2752 Bithynia
704 2706 866 2750 (Thirke
878 2708 915 2749 l),
930 2705 1203 2752 Paphlagonia
1217 2709 1253 2741 et
1269 2706 1425 2741 Galatia
1441 2704 1617 2749 (Wied1)‚
1630 2703 1831 2740 montibus
1844 2701 1980 2746 Lydiae

282 2752 414 2796 (Bali).
434 2754 681 2800 Pamphyliae
701 2753 890 2797 (Heldrl),
911 2752 1039 2798 Lyciae
1059 2753 1254 2799 (Bourgl),
1285 2752 1430 2787 Ciliciae
1450 2753 1490 2787 in
1509 2752 1641 2787 Tauro
1661 2761 1786 2798 usque
1804 2749 1853 2785 ad
1874 2749 1979 2785 7500’

282 2800 410 2844 (ΚΝ),
429 2800 689 2847 Cappadociae
719 2800 853 2843 (Ball).
872 2799 1021 2835 Libano
1049 2800 1098 2835 ad
1118 2800 1265 2835 Cedros
1294 2800 1473 2844 (Bois-sti,
1494 2799 1724 2834 Antilibano
1755 2797 1845 2842 (Ky.
1866 2797 1981 2840 1151),

280 2848 392 2891 Syria
415 2847 563 2882 boreali
581 2850 617 2882 et
637 2847 890 2882 Kurdistaniii
908 2847 1059 2882 Persica
1080 2847 1299 2891 (Hausslm,
1321 2847 1507 2882 Armenia
1525 2846 1662 2889 (Huetl
1685 2845 1861 2889 BourgU,
1876 2844 1978 2878 Tau-

281 2894 617 2979 }iffifletzffaucaso
649 2896 756 2930 omni
788 2904 911 2940 usque
944 2894 992 2928 ad
1023 2894 1126 2930 7200'
1158 2894 1289 2938 (MR.
1321 2894 1468 2940 Ruprt)
1499 2893 1631 2928 Persia
1661 2891 1810 2928 boreali
1840 2890 1977 2935 (Szovl

327 3003 495 3039 Multum
517 3004 641 3039 variat
661 3004 763 3039 foliis
783 3004 998 3049 majoribus
1020 3008 1055 3039 et
1072 3004 1289 3039 minoribus
1307 3004 1500 3038 interdum
1518 3002 1851 3046 albo-maculatis,
1865 3011 1979 3047 supe-
