2065 3271
131 219 319 258 Phlomis.
879 233 1078 261 LAmATAE.
1744 233 1814 271 783

132 303 227 348 albo
251 300 316 343 vel
352 300 793 345 ssavido-tomentcllis
833 304 1252 360 reticulato-rugosis
1291 311 1435 362 parvis
1469 314 1811 367 ovalo-oblongis

133 360 390 405 radicalibus
423 359 609 402 cordatis
633 362 756 413 longe
783 363 1010 415 petiolatis,
1038 365 1218 407 caulinis
1245 368 1555 414 subsessilibns
1588 375 1668 414 cilo
1703 373 1814 414 deci·

131 420 241 462 duis.
266 418 581 460 verticillastris
614 421 654 461 in
680 421 913 474 capitulum
944 424 1168 466 terminale
1199 430 1371 468 ovatum
1400 428 1578 471 densum
1608 432 1811 474 consertis

131 477 330 521 inferiore
369 477 589 519 interdum
639 480 969 532 remotiusculo,
1013 482 1125 524 soliis
1170 483 1392 528 floralibus
1437 488 1634 541 ellipticis
1679 491 1808 531 flores

131 535 514 589 subaequantibus,
572 535 756 580 bracteis
814 540 960 590 paucis
1025 541 1238 584 subulatis
1296 543 1592 598 brevissimis,
1654 548 1810 591 calvcis

127 595 334 647 adpresse
370 595 597 637 tomentosi
629 597 816 648 angulati
852 597 1054 640 dentibus
1090 599 1334 643 lanceolatis
1368 603 1674 649 obtusinscnlis
1707 593 1810 648 subo

128 653 340 706 subtriplo
384 653 675 705 brevioribus,
716 656 884 698 corollae
926 657 1051 699 luteae
1090 659 1232 711 calyce
1268 659 1397 713 duplo
1440 663 1639 713 longioris
1683 665 1810 707 limbo

127 712 266 765 amplo
301 713 421 765 galea
453 712 632 765 integra,
658 715 826 756 nuculis
852 716 1012 768 glabris
1056 722 1116 764 26.
1156 717 1203 758 P.
1228 717 1571 762 Hansselmeclzti
1600 724 1683 777 Bgc
1711 723 1810 766 Lab.

129 770 246 812 Pers.
274 782 315 824 p.
349 772 414 812 78.

172 843 272 879 Hah.
288 845 326 879 in
347 845 502 889 regione
521 844 654 890 alpina
670 845 788 881 Tauri
806 846 949 881 (jilicici
972 848 1009 882 in
1032 847 1134 884 valle
1151 850 1331 894 Gusguta
1348 849 1418 886 650
1437 852 1454 881 ›'
1471 853 1562 897 (ΚΥ.
1583 855 1666 890 4511
1688 856 1756 891 Bal
1772 859 1808 901 l),

125 891 323 926 montibus
342 891 581 936 Akkerdagh
601 894 637 926 et
657 892 877 937 Borytdagli
898 896 1094 929 Cataonia}
1109 895 1298 939 (Haussk.
1317 908 1395 933 exs.
1411 899 1485 934 sub
1505 900 1549 935 P.
1566 900 1808 940 Armeniae-⁶2

123 936 414 985 mz'crophpslld),
432 942 563 973 monte
581 938 805 974 Aslandacb
828 941 1083 986 Cappadociae
1107 942 1197 986 (Bal
1212 945 1248 987 l).

170 1000 426 1054 Semipedalis
445 1002 570 1037 rarius
589 1002 751 1048 pedalis,
769 1002 862 1037 folia
884 1014 1005 1049 parva
1026 1007 1061 1039 et
1081 1005 1352 1041 indumentum
1376 1008 1606 1054 adpressum
1625 1011 1669 1046 P.
1688 1011 1806 1048 brevi·

121 1047 241 1084 labrzs
261 1048 326 1083 sed
345 1048 439 1084 folia
457 1048 689 1094 profundius
707 1049 863 1084 cordata
879 1053 913 1085 et
932 1051 1214 1087 inssorescentia
1232 1054 1539 1099 capituliformis.

459 1165 500 1206 -ξ-
523 1165 564 1206 -4-
590 1161 702 1198 Folia
720 1165 881 1198 cuneata
904 1163 965 1198 vel
984 1164 1022 1199 in
1041 1165 1228 1211 petiolum
1253 1169 1468 1212 angustata.

178 1262 220 1303 S.
255 1260 312 1315 Ρ.
347 1259 696 1303 Armeniaca
723 1259 893 1315 (Willd.
935 1260 1006 1314 Sp.
1038 1263 1062 1303 3
1096 1275 1135 1315 p.
1165 1263 1216 1303 19
1249 1265 1291 1304 et
1322 1263 1447 1305 herb!
1485 1278 1566 1308 non
1605 1267 1807 1316 aliorum)

120 1319 210 1362 basi
243 1320 519 1362 sussruticosa
544 1319 820 1370 multicaulis,
851 1319 1045 1362 caulibus
1079 1321 1237 1374 saepius
1272 1322 1506 1365 humilibus
1539 1318 1808 1378 simplicibus

118 1379 260 1422 rarius
301 1378 465 1420 ramulo
512 1378 578 1419 1-2
616 1378 755 1419 ssorali
794 1377 918 1420 brevi
962 1381 1112 1429 auctis,
1152 1380 1265 1422 foliis
1303 1380 1511 1434 adpresse
1556 1385 1807 1428 tomentosis

118 1437 273 1480 subtus
317 1436 559 1490 praesertim
596 1436 923 1480 canescentibus
959 1438 1027 1479 vel
1065 1439 1180 1480 canis
1218 1439 1417 1492 cllipticis
1455 1442 1521 1483 vel
1561 1442 1807 1485 lanceolatis

116 1496 285 1540 obtusis
324 1495 388 1538 vel
428 1495 706 1538 acutiusculis
743 1495 834 1538 basi
875 1496 1066 1539 cuneatis
1101 1497 1381 1540 inferioribus
1414 1499 1538 1551 longe
1579 1501 1808 1555 petiolatis,

116 1554 339 1598 floralibus
367 1554 680 1596 subsessilibus
717 1554 846 1597 flores
875 1555 1185 1608 superantibus
1221 1559 1263 1599 et
1297 1559 1585 1610 aequantibus,
1620 1560 1809 1602 verticil-

119 1614 261 1656 lastris
302 1612 520 1655 4-6-ssoris
571 1614 645 1654 Q-lt
686 1612 966 1656 inferioribus
1014 1614 1275 1658 distantibus
1321 1617 1625 1669 superioribus
1670 1618 1807 1672 magis

112 1672 438 1728 approximatis,
479 1672 665 1715 bracteis
704 1672 851 1725 paucis
886 1672 1122 1716 linearibus
1159 1673 1354 1721 deflexis,
1388 1675 1542 1728 calycis
1582 1677 1806 1729 cylindrici

115 1732 341 1774 tomentosi
363 1731 565 1774 dentibus
587 1730 834 1773 lanceolatis
857 1732 993 1774 acutis
1016 1732 1118 1775 tubo
1144 1733 1311 1786 3—4-plo
1333 1733 1624 1786 brevioribus,
1644 1736 1805 1778 corolla

114 1791 224 1833 flava
246 1790 387 1844 calyce
412 1790 544 1843 duplo
571 1789 763 1842 longiore
789 1790 909 1842 galea
941 1790 1122 1843 integra,
1152 1791 1322 1835 nuculis
1350 1792 1511 1845 glabris
1549 1800 1609 1842 26.
1634 1794 1681 1836 P.
1711 1793 1806 1836 lan-

112 1849 275 1892 ceolata
299 1849 436 1891 Boiss.
459 1852 501 1890 et
523 1848 630 1890 Hoh.
660 1848 779 1902 Diag.
807 1848 898 1890 Ser.
922 1848 958 1900 Ι,
988 1850 1026 1891 5.
1056 1863 1099 1904 p.
1125 1851 1195 1892 36.

159 1924 260 1959 Hab.
284 1925 322 1959 in
341 1924 452 1959 siccis
470 1922 639 1967 regionis
662 1925 860 1958 montanae
886 1924 922 1958 et
944 1923 1098 1969 alpinae,
1129 1924 1294 1960 Tmolus
1317 1925 1453 1970 Lydiae
1473 1935 1591 1972 supra
1610 1925 1805 1962 Philadel-

141 1971 246 2007 biam
263 1971 395 2015 (Boiss
408 1972 445 2015 l),
464 1969 747 2014 Bulghasdagh
762 1969 944 2016 Phrygiae
961 1971 1096 2016 (Bali),
1119 1971 1275 2006 Galatia
1289 1971 1479 2015 (Wiedcm
1492 1975 1528 2015 l),
1549 1973 1669 2017 Lycia
1685 1982 1805 2019 prope

112 1982 266 2054 Elmalu
293 2019 454 2062 (Bourg.
476 2016 596 2061 2001),
628 2016 777 2051 Pisidia
803 2018 840 2052 et
874 2017 1074 2063 Lycaonia
1102 2017 1289 2063 (Heldrl),
1319 2018 1454 2054 Cilicia
1482 2019 1655 2055 Tracliea
1686 2030 1805 2091 prope

112 2065 305 2101 Ermenek
327 2066 461 2109 (Pei-l),
486 2063 787 2108 Karamasdagh
807 2063 1063 2110 Cappadociae
1082 2066 1119 2100 et
1139 2064 1332 2110 Ssofdagh
1356 2065 1556 2101 Cataoniat
1577 2066 1804 2111 (Haussk.),

111 2123 223 2149 mons
246 2114 351 2148 Gara
372 2110 639 2147 Kurdistaniae
658 2110 750 2156 (Ky.
767 2110 854 2146 3831
873 2110 992 2157 3851),
1010 2112 1195 2147 Armenia
1212 2112 1263 2147 ad
1277 2112 1460 2148 Erzerum
1477 2113 1652 2159 (Tourn.‚
1672 2113 1770 2150 Calv
1780 2115 1804 2158 l)

110 2164 147 2196 et
165 2170 283 2207 prope
303 2160 443 2194 Baibut
467 2158 617 2203 (Bourg
628 2158 664 2203 l).

158 2223 312 2270 Species
344 2223 395 2258 ab
433 2221 616 2257 omnibus
648 2220 783 2257 formis
819 2221 865 2257 P.
902 2221 1111 2258 Orz'entalz's
1144 2221 1248 2258 foliis
1282 2223 1459 2268 angustis
1491 2223 1684 2269 elongatis
1718 2223 1803 2260 basi

107 2271 282 2307 cunt-atis
311 2280 379 2305 nec
403 2269 570 2305 cordatis
601 2268 803 2313 distincta3
834 2268 929 2304 folia
957 2270 1112 2305 variant
1135 2268 1223 2304 5-12
1251 2269 1375 2306 lineas
1403 2270 1480 2305 lata
1510 2270 1803 2316 2—(5—pollicaria.

131 2045 142 2054 a

168 2389 208 2430 9.
235 2386 294 2429 Ρ.
315 2384 563 2428 linearis
585 2384 745 2438 (Boiss.
765 2387 806 2426 et
829 2384 918 2426 Bal.
945 2384 1094 2437 lliagn.
1119 2384 1210 2428 Ser.
1233 2385 1286 2437 ΙΙ,
1309 2386 1335 2427 4
1359 2398 1397 2439 p.
1422 2385 1497 2440 46)
1524 2385 1798 2439 multicaulis‚

110 2445 356 2489 rhizomalis
376 2444 505 2486 ramis
526 2443 835 2492 radicantibus‚
854 2443 1046 2486 caulibus
1068 2444 1230 2497 saepius
1254 2444 1490 2487 humilibus
1515 2443 1798 2498 simplicibus,

109 2505 218 2548 foliis
247 2504 450 2557 adpresse
475 2502 732 2544 lomentellis
760 2501 913 2555 pallide
936 2502 1180 2544 virentibus
1208 2502 1399 2545 tenuiter
1423 2503 1641 2556 rugulosis
1667 2502 1800 2545 linea·

108 2565 229 2607 ribus
257 2562 424 2605 obtusis
452 2561 494 2602 in
518 2560 724 2614 petiolum
753 2560 876 2613 longe
902 2561 1159 2613 angustatis,
1188 2561 1503 2604 verticillastris
1532 2562 1606 2602 2-4
1631 2560 1794 2602 distan-

108 2623 222 2665 tibus
243 2622 350 2664 foliis
374 2620 597 2662 floralibus
619 2619 931 2662 subsessilibus
955 2619 1193 2663 linearibus
1219 2620 1345 2674 longe
1364 2621 1593 2673 superatis,
1609 2619 1795 2662 bracteis

109 2679 528 2724 lineari-lanceolatis
552 2679 695 2732 calyce
718 2678 1007 2726 brevioribus,
1030 2679 1185 2733 calycis
1209 2679 1341 2722 dense
1366 2681 1408 2721 et
1433 2679 1638 2732 patentim
1665 2677 1795 2720 lanati

107 2741 306 2783 dentibus
327 2737 570 2781 lanceolatis
595 2738 731 2779 acutis*
759 2736 932 2778 dimidio
959 2738 1060 2780 tubo
1084 2737 1450 2791 sublongioribuS,
1478 2737 1649 2780 corollae
1673 2736 1794 2777 ssavae

105 2801 246 2854 calyce
281 2799 377 2853 plus
414 2796 543 2849 duplo
572 2795 775 2848 longioris
812 2795 921 2838 labio
956 2795 1136 2849 integro,
1163 2796 1393 2838 filamentis
1421 2809 1505 2838 non
1532 2794 1795 2849 appendicu-

105 2859 215 2909 latis,
251 2856 420 2900 nuculis
460 2855 579 2909 apice
612 2854 761 2909 pilosis
803 2860 866 2903 36.
904 2855 957 2898 P.
991 2853 1285 2908 anqustifolia
1316 2854 1452 2899 Boiss.
1491 2858 1533 2898 et
1570 2854 1656 2895 Bal.
1696 2863 1789 2895 exs.

104 2917 321 2962 schedulae
342 2926 503 2959 errore.

152 2991 252 3027 Hab.
279 2991 317 3025 in
349 2988 505 3034 regione
539 2985 670 3034 alpina
705 2987 885 3024 inferiore
917 2988 1108 3024 montium
1140 2986 1477 3033 Masmeneudagh
1505 2988 1542 3022 et
1568 2983 1795 3026 Asiandacb,
