2065 3271
185 218 376 274 Populus.
917 238 1146 265 summm.
1786 231 1880 268 1193

188 310 381 352 antherae
404 310 672 355 biloculares.
702 312 810 354 Fem.
835 312 1041 354 Ovarium
1066 313 1218 355 sessile
1238 313 1304 355 vel
1328 313 1629 366 pedicellatum
1652 313 1877 367 pei-igonio

188 368 376 410 cinctum
401 370 663 413 uniloculare
693 371 1058 420 multiovulatum‚
1080 373 1218 423 stylus
1237 371 1537 419 brevissimus,
1557 372 1754 424 stigmata
1777 372 1877 413 bina

188 426 398 469 bifurcata
444 429 510 469 vel
554 430 760 471 laciniata.
807 428 991 481 Capsnla
1032 430 1310 472 unilocularis
1353 431 1534 472 bivalvis
1577 430 1867 483 polysperma.

188 483 362 527 Semina
388 486 552 528 minuta
581 488 708 529 dorso
732 488 955 544 valvarum
982 488 1103 529 affixa
1132 489 1252 540 longe
1274 501 1441 531 comosa
1468 493 1620 530 crecta.
1658 488 1875 530 Albumen

190 543 372 585 nullum.
392 543 579 597 Embryo
600 548 708 588 testa
726 547 841 588 tenui
865 546 1071 598 rugulosa
1093 548 1288 594 vestitus,
1309 547 1494 589 radicula
1515 548 1662 589 infera.
1685 547 1881 588 Arbores

190 612 306 654 saepe
324 613 527 654 procerae,
546 604 657 646 soliis
680 605 860 646 alteruis
877 604 1128 646 vernatione
1144 605 1364 656 involutis,
1394 606 1576 647 amentis
1593 605 1876 658 praecocibus.

248 729 368 772 Sacrr.
396 731 425 772 1.
454 729 596 774 Lnucu
617 732 742 786 Duby
768 732 854 774 Bot.
881 731 989 774 Gall.
1011 745 1048 784 p.
1068 733 1165 772 427.
1188 755 1239 761 -—
1260 732 1448 773 Gemmae
1467 733 1640 786 (saltem
1657 731 1881 785 juniores)

485 790 782 842 pubescentes.
810 790 978 833 Ramuli
999 791 1195 843 juniores
1221 791 1447 832 tornentosi
1468 791 1531 832 vel
1553 791 1669 832 hirti.
1703 790 1878 832 Amenti

482 860 672 902 squamae
694 850 855 890 ciliatae.
882 849 1157 901 Perigoninm
1174 849 1346 902 oblique
1368 853 1612 891 truncatum
1637 850 1877 900 integrum,

487 907 667 949 stamina
693 909 784 950 4-8.

254 1010 289 1050 1.
322 1008 380 1050 P.
408 1007 545 1051 alba
566 1008 632 1063 (L.
660 1009 730 1062 Sp.
760 1010 889 1063 1463)
907 1009 1084 1051 arborea
1105 1009 1287 1058 excelsa,
1312 1008 1443 1050 ramis
1470 1007 1714 1061 patentibus
1732 1008 1878 1061 Junio—

189 1067 315 1111 ribus
350 1067 517 1117 albidis,
550 1069 730 1120 gemmis
764 1068 1031 1118 tomentosis,
1072 1068 1182 1109 soliis
1222 1067 1379 1120 petiolo
1421 1067 1546 1118 longo
1582 1066 1875 1109 insidentibus

188 1138 323 1179 snpra
354 1125 566 1168 viridibus
600 1127 755 1169 subtus
790 1127 1196 1169 niveo-tonientosis
1226 1137 1445 1168 ramorum
1472 1125 1710 1166 lateralium
1737 1126 1878 1168 ovatis

188 1186 257 1227 vel
283 1184 623 1237 ovato-oblongis
649 1186 1079 1238 sinuato-angulosis,
1108 1183 1399 1226 terminalium
1424 1183 1610 1226 cordatis
1638 1183 1875 1226 subroton-

189 1242 450 1286 dato-ovatis
506 1244 915 1297 angolato-dentatis
960 1245 1025 1286 vel
1075 1244 1290 1297 palmatim
1341 1242 1671 1295 quinquelobis.
1718 1242 1877 1284 amenti

189 1301 363 1344 feminei
394 1303 586 1355 squamis
625 1303 870 1345 lanceolatis
906 1303 1024 1356 apice
1062 1302 1249 1344 crenatis
1281 1301 1434 1344 ciliatis
1457 1305 1497 1351 5.
1537 1300 1652 1354 Engl.
1681 1301 1765 1342 bot.
1793 1301 1879 1343 tab.

193 1361 316 1403 1618.
340 1384 396 1393 -
422 1361 558 1403 Rchb.
583 1361 727 1404 Germ.
756 1363 810 1404 Ic.
841 1363 962 1403 1270.
992 1384 1047 1391 -
1070 1361 1117 1402 P.
1141 1360 1269 1402 nivea
1296 1359 1444 1402 Willd.

234 1433 335 1469 Hah.
364 1435 405 1470 in
423 1434 548 1479 sylvis
568 1434 743 1470 humidis
773 1437 811 1469 et
837 1435 885 1469 ad
914 1437 1038 1469 fossas
1059 1434 1177 1469 totius
1195 1433 1354 1468 ditionis
1381 1443 1403 1468 a
1421 1433 1573 1468 Graecia
1599 1435 1635 1467 et
1654 1433 1881 1468 Macedonia

188 1479 238 1515 ad
265 1491 375 1526 prov.
398 1482 640 1524 Caucasioas,
663 1481 819 1526 Syriam
841 1481 1054 1516 littoralem
1084 1484 1121 1516 et
1148 1481 1373 1515 interiorem
1410 1480 1493 1524 (Bll
1522 1480 1676 1525 (iamt),
1706 1480 1881 1515 Pel-siam

186 1526 270 1562 bor.
290 1528 457 1572 (Auchi)
477 1531 515 1564 et
535 1528 748 1563 australem
767 1528 993 1572 (Hausskl).

234 1583 264 1618 F
268 1593 386 1619 ormae
408 1585 507 1620 inter
528 1583 572 1619 P.
594 1583 728 1620 albam
758 1586 795 1619 et
825 1583 869 1618 P.
895 1583 1109 1619 tremulam
1138 1583 1330 1628 hybridae‚
1360 1581 1404 1618 P.
1430 1581 1598 1629 hybrida
1633 1582 1729 1618 ΜΒ.
1763 1583 1879 1617 Taur.

188 1629 304 1665 Cauc.
335 1630 381 1672 11,
412 1642 446 1678 p.
476 1631 547 1667 422
576 1633 613 1666 et
645 1630 689 1666 Ρ.
718 1640 922 1667 canescens
957 1631 1033 1666 Sm.
1064 1631 1159 1666 Brit.
1186 1631 1345 1676 passim,
1376 1640 1412 1665 v.
1438 1640 1494 1675 gr.
1525 1630 1564 1665 in
1591 1629 1703 1674 Syria
1730 1629 1879 1664 boreali

188 1676 415 1724 (Hausskl),
443 1678 618 1714 Caucaso
645 1678 791 1723 (MR),
820 1678 970 1713 ditione
997 1677 1168 1723 Talysch
1202 1678 1311 1721 (CA.
1340 1677 1478 1722 Meyl),
1510 1679 1728 1712 occurrunt.
1757 1697 1800 1701 -
1831 1676 1877 1711 P.

188 1723 333 1760 Groeca
350 1725 502 1760 Griseb.
521 1726 623 1771 Spic.
640 1725 684 1770 11,
715 1736 750 1770 p.
775 1725 846 1761 345
870 1736 915 1760 ex
935 1725 1165 1760 Macedonia
1196 1726 1254 1760 est
1278 1734 1436 1770 quoque
1456 1724 1584 1759 torma
1607 1723 1787 1768 hybrida,
1813 1723 1881 1759 sed

186 1769 234 1806 P.
255 1771 399 1808 Graeca
420 1773 498 1808 Ait.
519 1775 577 1807 est
594 1772 640 1808 P.
662 1772 911 1808 tremuloz'des
929 1772 1044 1807 Mich.
1064 1783 1120 1818 sp.
1140 1772 1384 1807 Americana.

235 1827 287 1862 Ar
307 1829 437 1873 Geoqr.
466 1828 624 1874 Europa
647 1831 727 1863 tota
753 1828 882 1863 media
909 1831 946 1864 et
965 1828 1149 1863 australis
1169 1827 1218 1863 ab
1238 1827 1382 1873 Anglia
1408 1829 1445 1862 et
1463 1826 1593 1862 Dania
1620 1825 1669 1861 ad
1699 1826 1881 1861 Bossiam

185 1874 369 1921 mediam,
391 1875 538 1911 Sibiria
555 1875 768 1921 Uralensis,
788 1875 921 1911 Africa
940 1875 1125 1911 borealis,

245 1977 283 2018 2.
317 1977 373 2019 Ρ.
406 1976 664 2020 tremula
698 1975 763 2031 (L.
803 1976 876 2030 Sp.
922 1977 1053 2030 1464)
1089 1975 1285 2025 arborea,
1328 1974 1460 2016 ramis
1503 1973 1662 2027 patulis
1699 1973 1881 2025 glabris,

183 2035 366 2090 gemmis
397 2036 622 2078 viscidulis
652 2035 899 2090 junioribus
935 2034 1176 2088 puberulis,
1219 2033 1330 2075 foliis
1354 2033 1511 2086 petiole
1537 2032 1661 2084 longo
1689 2031 1879 2073 insiden-

183 2095 303 2138 tibus
325 2106 542 2137 ramorum
563 2095 784 2148 juniorum
809 2097 850 2135 et
874 2094 1126 2135 inferiorum
1151 2092 1288 2134 ovatis
1312 2092 1448 2134 acutis
1472 2091 1748 2145 superiorum
1775 2089 1876 2131 sob-

183 2153 436 2197 orbiculatis
461 2154 648 2196 dentatis
670 2153 918 2207 junioribus
942 2152 1159 2195 interdum
1187 2150 1523 2204 pubescentibus
1552 2150 1712 2192 adultis
1740 2149 1881 2190 utrin-

185 2224 271 2266 que
307 2212 482 2266 glabris5
520 2213 679 2255 amenti
716 2212 909 2267 squamis
942 2210 1288 2263 digitato-incisis
1322 2209 1453 2252 dense
1488 2208 1815 2251 villoso-eiliatis
1839 2211 1877 2257 5.

185 2270 323 2313 Rchb.
353 2270 497 2314 Germ.
522 2272 546 2313 f.
580 2272 702 2313 1274.
726 2294 783 2300 —
812 2271 859 2313 P.
883 2269 1062 2313 Cilicica
1084 2270 1162 2323 Ky.
1187 2267 1337 2311 Sched.
1372 2291 1428 2297 —
1463 2267 1510 2309 P.
1534 2266 1746 2309 australis
1773 2267 1877 2308 Ten.

233 2344 332 2379 Hab.
353 2345 392 2380 in
412 2345 567 2389 regione
588 2347 786 2389 montana,
805 2344 962 2380 Graecia
979 2343 1018 2378 in
1037 2342 1238 2378 montibus
1256 2341 1412 2377 Malevo
1438 2344 1476 2376 et
1496 2340 1665 2386 Olympo
1690 2338 1881 2374 Thessalo

186 2391 360 2438 (Orphl)‚
389 2392 538 2427 Baeotia
555 2392 727 2436 (Sibtn),
757 2391 989 2426 Macedonia
1016 2392 1053 2425 et
1079 2390 1250 2424 Thracia
1278 2390 1316 2423 in
1343 2391 1474 2423 monte
1497 2388 1654 2423 Athone
1675 2386 1877 2430 (Οτι-ἱερὴ),

184 2438 372 2474 Anatolia
402 2439 482 2474 bor.
515 2439 704 2484 (Tc-hili),
744 2437 867 2483 Lydia
900 2439 939 2472 in
970 2438 1102 2472 monte
1138 2436 1278 2470 Tmolo
1314 2435 1500 2483 (Boissl)‚
1530 2434 1702 2479 Phrygia
1735 2432 1880 2477 (Bali),

187 2486 375 2521 Armenia
402 2486 574 2521 Kurdica
605 2486 652 2520 ad
677 2485 831 2530 Boglan
859 2484 963 2520 4500’
992 2485 1085 2529 (Ky.
1104 2482 1379 2531 4871),7Tau1·0
1412 2482 1571 2517 Cilicico
1602 2480 1749 2517 4-5000‘
1783 2479 1880 2525 (lx'yt

185 2531 259 2570 Bal
270 2533 307 2578 l),
325 2532 479 2578 Tauria,
499 2534 671 2568 Caucaso
690 2535 728 2567 et
745 2532 1056 2567 Transeaucasia
1075 2530 1197 2575 (Led,
1218 2530 1373 2575 impla).

232 2588 295 2624 Ar.
317 2589 448 2634 Geogr.
474 2589 634 2634 Europa
652 2587 823 2623 borealis
856 2591 894 2623 et
921 2587 1050 2622 media
1082 2598 1104 2621 a
1129 2585 1396 2621 Soandinavia
1419 2586 1455 2619 et
1480 2584 1619 2619 Bossia
1650 2582 1800 2631 boi-oali
1830 2581 1880 2616 ad

185 2633 422 2681 Hispaniam
454 2635 665 2679 borealem,
697 2635 860 2680 Italiam,
894 2634 1147 2678 Dalmatiam,
1186 2633 1384 2677 regionem
1421 2630 1698 2674 Danubialem,
1736 2629 1883 2664 Sibiria

189 2683 331 2729 omnis,
349 2682 538 2727 Davuria‚
554 2683 575 2719 J
580 2683 736 2729 aponia„
754 2682 888 2718 Africa
904 2680 1087 2717 borealis.

246 2804 368 2849 Sssc'r.
394 2806 447 2850 11.
482 2807 691 2851 TURANGA
717 2808 805 2860 Bge
829 2807 886 2860 pl.
914 2807 1062 2849 Lehm.
1093 2819 1134 2860 p.
1158 2805 1256 2847 498.
1285 2828 1338 2833 -
1360 2802 1551 2845 Genimae
1577 2802 1878 2855 pubescentes,

478 2866 651 2909 Rainuli
684 2867 885 2921 juniores
927 2865 1182 2909 tenuissime
1221 2861 1657 2917 puberulo·velutini.
1707 2859 1882 2901 Amenti

487 2938 679 2978 squamae
723 2926 874 2967 lacerae
914 2936 1041 2978 parce
1076 2923 1241 2966 ciliatae.
1298 2920 1576 2973 Perigonium
1618 2919 1881 2962 urceolatum

486 2984 737 3038 subaequale
763 2983 1126 3032 multidentatum‚
1147 2981 1330 3023 stamina
1354 2980 1496 3021 25-30.
1696 3034 1742 3069 '⁸6

1705 3047 1714 3068 Ι
