2100 3262
275 283 346 320 986
992 289 1266 316 SALSOLACEAE.
1774 266 1776 269 ’
1792 285 1953 323 Set-ada
1962 313 1975 322 ,γ

601 449 791 498 ὃΕνΑΒΑ
818 448 941 510 (llloq.
970 449 1009 496 in
1038 448 1132 496 ΜΞ.
1165 448 1304 497 Prodr.
1337 449 1442 507 xm,
1470 463 1508 511 p.
1535 450 1656 510 15⁴).

337 583 486 626 Flores
527 581 738 636 polygami
777 582 844 623 6-7
888 580 1111 634 glomerati
1150 581 1257 623 flore
1298 582 1440 624 medio
1473 583 1635 637 majore
1670 584 1975 638 ebracteolato‚

277 642 532 688 lateralibus
571 642 645 682 2-3
685 639 960 682 bracteolatis
997 639 1238 682 minoribus
1283 640 1395 682 binis
1432 641 1541 684 flore
1583 643 1724 685 medio
1765 645 1974 696 proximis

277 700 576 744 ebracteolatis
616 699 785 741 caeteris
821 698 974 740 abortu
1013 698 1222 741 femineis.
1254 699 1472 752 Perigonii
1508 701 1653 755 phylla
1690 702 1771 744 sub
1806 703 1975 746 anthesi

275 759 327 802 ad
370 758 559 800 medium
606 769 745 811 usque
787 760 985 799 corcreta
1020 768 1212 810 superne
1251 770 1448 801 concava.
1482 758 1745 802 Staminodia
1783 762 1975 816 quinque

275 818 459 861 obovata
483 817 629 859 brevia
664 816 894 858 carnosula
917 816 1064 868 glabra
1093 817 1134 857 in
1171 816 1356 859 floribus
1388 819 1755 872 hermaphroditis
1786 821 1901 863 inter
1928 832 1975 863 sc

276 876 410 919 libera
439 876 508 917 vix
540 876 626 917 ima
659 875 750 917 basi
785 887 880 916 cum
922 875 1153 917 [ilamentis
1190 876 1472 926 cohaerentia,
1500 876 1543 918 in
1570 878 1752 922 floribus
1776 879 1975 921 femineis

275 936 410 977 nulla.
440 934 630 977 Stamina
665 934 858 988 quinque
893 934 1018 986 longe
1051 937 1237 980 exserta,
1273 935 1463 978 antherae
1498 948 1580 977 non
1617 938 1972 990 appendiculatae.

274 993 481 1035 Ovarium
511 994 825 1045 lagenael'orme,
855 993 996 1045 stylus
1030 993 1277 1043 suhnullus‚
1315 994 1511 1046 stigmata
1543 994 1740 1037 breviter
1771 997 1973 1039 subulata

275 1052 407 1094 dense
434 1052 655 1105 papillosa.
694 1051 880 1095 Fructus
892 1080 1052 1092 ......
1075 1075 1132 1079 --
1154 1052 1316 1093 Frutex
1345 1052 1450 1095 facie
1474 1052 1626 1095 Sztedae
1660 1054 1972 1097 vermiculum.

273 1110 423 1153 Genus
450 1111 593 1152 fructu
620 1111 763 1163 ignoto
790 1111 1039 1164 imperfecte
1065 1110 1328 1163 descriptum
1366 1112 1419 1154 oh
1453 1112 1590 1154 ovarii
1614 1112 1793 1155 formam
1823 1125 1972 1156 semen

276 1170 480 1211 verticale
515 1181 592 1212 nec
628 1170 893 1212 horizontale
925 1170 1120 1211 indicans
1154 1172 1197 1212 et
1230 1181 1281 1211 ex
1310 1171 1363 1213 cl.
1395 1169 1544 1224 Bunge
1577 1172 1693 1214 inter
1717 1172 1971 1214 Anahaseas

269 1228 390 1282 Juxta
418 1227 659 1280 Haloyeton
680 1228 884 1271 militans.

336 1342 371 1380 1.
405 1338 454 1382 S.
499 1337 830 1393 Schimperi
873 1337 1003 1393 (MOQ-
1052 1338 1126 1380 loc.
1169 1337 1265 1392 cit.)
1309 1338 1560 1381 fruticulosa
1601 1339 1748 1393 glabra
1795 1339 1972 1382 humilis

270 1398 581 1448 ramosissima,
614 1399 745 1440 ramis
774 1397 991 1450 primariis
1023 1397 1324 1439 crassiusculis
1358 1396 1535 1450 lignosis
1568 1399 1779 1441 tortuosis
1809 1399 1968 1442 cortice

271 1456 428 1507 albida,
461 1457 679 1498 annotinis
711 1456 839 1499 rectis
879 1457 1110 1508 gracilibus
1151 1456 1351 1508 rigidulis
1395 1457 1604 1508 patentim
1643 1461 1685 1498 et
1723 1458 1967 1500 alternatim

271 1515 520 1564 ramulosis‚
559 1515 671 1557 foliis
713 1516 860 1568 parvIs
905 1516 1085 1565 alternis
1127 1516 1192 1556 vol
1232 1515 1527 1570 suhoppositis
1572 1516 1730 1569 patulis
1768 1517 1971 1558 ohovato-

271 1574 467 1626 oblongis
503 1574 593 1614 basi
625 1574 859 1616 attenuatis
890 1574 1184 1616 obtusissimiS
1225 1574 1346 1616 siccis
1385 1574 1712 1627 nigricantihus,
1746 1574 1972 1618 floralibus

270 1634 535 1687 glomer-ulos
573 1633 973 1685 subsuperantilnis
1007 1634 1073 1674 vel
1107 1633 1395 1686 aequantihus,
1429 1633 1571 1676 axillis
1609 1645 1734 1686 parce
1770 1633 1972 1685 senseris,

269 1691 522 1746 glomcrulis
560 1691 808 1734 densilloris
841 1692 1094 1734 axillarihus
1126 1692 1168 1733 in
1204 1692 1344 1744 spicas
1382 1690 1538 1734 breves
1572 1692 1665 1734 basi
1698 1693 1969 1746 interruptas

270 1750 596 1804 approximatis,
628 1751 837 1804 perigonii
880 1752 961 1793 sub
988 1751 1157 1792 anthesi
1190 1750 1348 1804 phyllis
1382 1751 1530 1800 ovans,
1567 1752 1788 1804 perigonio
1821 1752 1971 1794 fructi-

269 1810 380 1852 fero.
495 1816 539 1857 5.
585 1809 725 1850 Suada
758 1808 1035 1862 plutgspltgsllcz
1072 1810 1257 1851 Ehrenb.
1297 1808 1395 1851 lllss.
1426 1833 1480 1838 -—
1512 1809 1654 1852 Suada
1689 1810 1887 1852 monot'ca
1925 1814 1970 1851 et·

261 1867 308 1910 ·S.
339 1867 515 1909 baccata
540 1867 747 1923 (Schimp.
779 1867 863 1910 Un.
895 1869 995 1910 ltin.
1021 1867 1079 1911 ΝΟ
1101 1868 1241 1922 8671).

314 1942 417 1977 Hah.
444 1943 484 1977 in
509 1943 675 1977 collibus
703 1943 913 1988 granitosis
948 1945 983 1977 et
1017 1943 1147 1978 littore
1178 1942 1298 1978 Maris
1330 1942 1458 1978 Rubri
1483 1953 1604 1989 prope
1631 1942 1785 1989 DJedda
1811 1943 1968 1978 Arabiae

265 1990 425 2036 tropicae
444 1990 675 2035 (Schlnipl).
704 1990 889 2026 Nondum
909 1991 1012 2025 intra
1029 1991 1128 2026 fines
1147 1989 1308 2025 ditionis
1327 1992 1472 2025 nostrae
1489 1990 1713 2026 observata.

667 2195 828 2242 ORD.
866 2194 923 2242 C.
977 2195 1555 2242 AMARANTACEAE.

887 2323 1024 2377 (Juss.
1055 2321 1225 2365 Genera
1249 2322 1338 2379 87.)

322 2454 471 2497 Florcs
512 2453 851 2507 hcrmaphrodili
890 2453 1033 2495 rarius
1078 2454 1292 2507 polygami
1337 2456 1402 2495 vel
1439 2451 1638 2494 monoici.
1681 2450 1963 2504 Perigonium

264 2514 503 2556 scm-iusum
531 2512 839 2565 3-5-partitum
867 2512 1133 2554 aestivatione
1160 2512 1447 2554 imbricatum.
1485 2510 1675 2553 Stamina
1704 2510 1776 2551 3·5
1799 2510 1960 2564 phyllis

261 2571 457 2628 opposita
492 2571 555 2613 vel
594 2570 801 2624 pauciora,
829 2570 920 2614 basi
958 2570 1092 2612 libera
1127 2572 1193 2612 vel
1233 2571 1397 2621 coalita,
1434 2568 1704 2612 slaniinodiis
1737 2568 1958 2611 interdum

262 2635 397 2672 aucta.
419 2631 627 2673 Ovariuin
648 2629 831 2671 liberum
851 2629 1117 2672 uniloculare
1136 2630 1211 2672 uni
1238 2630 1303 2672 vel
1329 2629 1668 2683 pluriovnlatum
1687 2627 1829 2670 ovulis
1850 2627 1960 2668 funi-

260 2690 368 2732 culis
398 2689 545 2732 liheris
569 2700 591 2730 e
619 2688 748 2731 fundo
772 2689 908 2730 ovarii
939 2689 1095 2730 erectis
1119 2689 1255 2730 affixIS
1291 2687 1625 2730 ascendentibus
1656 2686 1726 2728 vel
1754 2685 1953 2739 pendulis

259 2748 557 2802 amphitropis.
598 2747 744 2800 Stylus
781 2747 965 2800 simplex
1004 2749 1068 2788 vel
1107 2749 1304 2800 stigmata
1341 2747 1478 2800 plura.
1520 2746 1706 2787 Fructus
1742 2756 1866 2786 mono
1890 2744 1957 2786 vel

262 2808 565 2862 polyspermus
596 2819 694 2848 raro
725 2806 1036 2860 caryopsicleus
1072 2807 1139 2848 vel
1176 2806 1391 2856 haccatus,
1429 2804 1668 2860 saepissime
1703 2802 1956 2847 utricularis

259 2866 616 2908 membranaceus
639 2865 913 2907 indehiscens
938 2865 1006 2906 vel
1026 2864 1323 2908 ciroumscIsse
1343 2865 1582 2907 dehiscens.
1603 2862 1774 2905 Semina
1794 2861 1955 2914 saepius

259 2925 478 2967 verticalia
501 2928 734 2966 crustacea.
771 2924 960 2977 Embryo
987 2927 1189 2966 arcuatus
1220 2924 1285 2966 vel
1320 2922 1543 2965 annularis
1569 2922 1772 2963 albumen
1798 2921 1956 2962 farina-

257 2995 379 3026 ccum
417 2984 606 3036 cingens.
632 3007 685 3014 ——
709 2982 866 3024 Herhae
897 2983 967 3025 vel
1001 2983 1251 3025 sul'frutices
1288 2982 1398 3026 foliis
1431 2980 1725 3034 exstipulatis,
1767 2978 1952 3021 floribus

258 3042 548 3086 trini-actualis
573 3043 718 3084 rarius
745 3041 1034 3085 bibracteatis.
