2080 3241
109 254 296 296 Cer-inthe.
815 258 1096 289 BORRAGINEAE.
1738 251 1810 288 149

106 337 275 375 rioribus
294 343 579 381 nomumquam
597 332 751 376 ciliatiS,
765 332 909 377 calycis
927 331 1078 367 laciniis
1095 332 1182 368 basi
1201 332 1290 378 plus
1309 332 1439 367 minus
1455 331 1644 373 dilatatis,
1659 331 1805 367 corolla

107 385 267 422 omnino
284 383 388 419 flava
411 381 475 417 vel
495 380 546 417 ad
564 381 717 416 faucem
737 379 1152 426 purpureo-maculata
1169 379 1233 415 vel
1255 379 1408 415 laciniis
1426 379 1646 426 purpureis,
1673 379 1807 414 anthe-

107 441 238 470 rarum
255 429 539 483 appendicibus
558 427 646 475 plus
665 429 797 463 minus
815 426 1022 472 elongatis.

153 496 213 532 Ar.
234 493 366 539 Geoqr.
395 492 529 528 Gallia
560 492 599 527 in
628 490 808 537 Alpibus,
840 489 1064 535 Germania,
1097 489 1265 533 Corsica,
1300 490 1423 533 Italia,
1454 489 1666 531 Dalmatia,
1701 490 1807 535 regio

107 540 356 584 Danubialis,
373 539 514 576 Rossia
532 538 663 574 media
680 540 719 574 et
735 537 1014 573 meridionalis.

165 666 204 707 2.
235 663 292 707 C.
326 662 544 718 Alpina
570 661 671 709 (Kit.
701 674 768 715 ap.
796 661 964 703 Schult.
998 660 1137 704 Oestr.
1166 660 1197 709 Ι,
1221 674 1260 715 p.
1293 660 1398 714 353)
1419 661 1583 714 glabra.
1607 659 1806 702 caulibus

104 723 273 770 erectis,
301 722 412 765 foliis
443 721 624 764 laevibns
660 720 823 774 glabris
856 720 1161 762 fasciculorum
1191 720 1403 762 sterilium
1443 723 1484 761 et
1520 719 1804 761 inferioribus

103 781 590 836 oblongo-spathulatis,
629 780 812 823 caulinis
850 778 1245 832 cordato-oblongis
1290 779 1496 821 auriculis
1537 778 1801 825 rotundatis,

102 841 283 887 racemis
309 840 543 884 fructiferis
580 838 704 882 valde
741 839 951 893 elongatis
992 837 1177 880 bracteis
1205 838 1394 880 cordatis
1434 839 1599 891 calyces
1628 836 1803 879 demum

104 902 294 944 deflexos
322 900 636 953 superantibus
663 898 831 950 obsitis‚
866 897 1024 951 calycis
1056 897 1224 939 laciniis
1260 895 1521 949 inaequilatis
1555 895 1806 938 lanceolatis

103 959 284 1006 obtusis,
310 959 471 1001 corolla
494 959 639 1013 calyce
667 960 821 1011 quarta
852 961 974 1011 parte
1003 957 1195 1009 longiore
1218 956 1388 998 rubella
1412 956 1477 998 vel
1507 955 1804 998 ssavo—virenti

102 1021 216 1062 intra
253 1018 417 1060 faucem
450 1016 910 1073 purpureo-maculata
939 1016 1144 1057 dentibus
1168 1015 1442 1057 brevissimis
1471 1015 1609 1056 ovatis
1636 1016 1804 1058 obtusis

106 1079 224 1134 apice
266 1077 525 1128 recurvatis,
566 1076 761 1120 antheris
802 1074 1114 1118 subsessilibus
1157 1074 1337 1116 inclusis
1386 1073 1621 1128 appendice
1668 1075 1806 1127 brevi,

107 1137 308 1192 carpellis
335 1135 518 1179 laevibus
557 1142 614 1184 26.
656 1135 699 1178 C.
727 1134 884 1188 ylabra
908 1147 989 1177 nc.
1014 1133 1072 1175 Fl.
1102 1133 1170 1175 Fr.
1196 1133 1270 1186 111,
1301 1147 1339 1188 p.
1369 1134 1467 1175 619.
1496 1158 1541 1164 —
1572 1134 1631 1175 Ic.
1662 1134 1798 1175 Rchb.

106 1199 131 1240 t.
156 1197 223 1238 94.

149 1269 250 1304 Hah.
270 1268 311 1304 in
329 1269 489 1313 regione
511 1268 646 1314 alpina
664 1267 779 1303 Ponti
798 1266 924 1303 Lazici
943 1276 1063 1313 supra
1081 1266 1218 1313 Djimil
1239 1265 1342 1301 7800‘
1363 1265 1451 1310 (Bal
1464 1267 1502 1301 ll.

102 1316 478 1400 rugefssfflfflnibus
498 1315 701 1362 Europaeis
732 1324 809 1350 non
832 1313 988 1349 differre
1009 1313 1165 1349 videtur
1184 1313 1259 1348 nisi
1282 1313 1414 1359 calyce
1434 1314 1573 1359 majori
1594 1317 1630 1350 et
1656 1313 1803 1357 corolla

144 1428 206 1464 Ar.
226 1427 361 1472 Geogr.
391 1425 525 1462 Gallia
546 1427 586 1461 in
605 1425 805 1470 Pyrenaeis
832 1428 867 1461 et
893 1424 1105 1469 sabaudia,
1133 1423 1327 1469 Helvetia⁷
1358 1424 1570 1460 Germania
1601 1424 1800 1470 australis,

98 1473 308 1518 Dalmatia,
325 1474 432 1520 regio
452 1473 702 1509 Danubialis.

159 1598 195 1638 3.
231 1596 287 1640 C.
318 1596 511 1651 maior
540 1595 677 1651 (Lam.
710 1594 816 1639 Dict.
844 1595 916 1640 IV.
941 1608 981 1649 p.
1006 1596 1074 1637 67.
1107 1619 1153 1625 —
1185 1595 1229 1637 L.
1256 1608 1309 1638 ex
1337 1596 1480 1650 parte)
1519 1596 1617 1649 plus
1653 1596 1798 1638 minus

101 1655 369 1699 tuberculata
403 1660 444 1697 et
477 1656 615 1698 ciliata
645 1656 710 1697 vel
740 1655 946 1709 glabr-ata,
977 1655 1098 1697 caule
1126 1659 1269 1698 erecto
1303 1655 1488 1709 simplici
1514 1655 1579 1696 vel
1609 1667 1795 1704 ramoso,

103 1714 212 1757 foliis
236 1714 516 1758 inferioribus
541 1714 1010 1768 obovatOnspatbulatis
1034 1714 1077 1756 in
1106 1714 1312 1768 petiolum
1339 1714 1573 1757 attenuatis
1602 1714 1800 1767 superio-

99 1773 218 1817 ribus
244 1773 588 1827 ovato-oblongis
615 1773 784 1817 obtusis
810 1773 903 1815 basi
926 1773 1114 1816 cordatis
1139 1773 1661 1823 rotundato-auriculatis,
1682 1784 1798 1815 race-

98 1833 179 1875 mis
197 1832 481 1887 scorpioideis
503 1832 711 1875 brevibus
736 1832 901 1880 densis,
923 1832 1108 1876 bracteis
1125 1833 1312 1876 cordatis
1332 1833 1499 1885 calyces
1521 1832 1797 1885 aequantibus

98 1892 164 1935 vel
186 1891 514 1946 superantibus,
535 1892 693 1947 calycis
713 1892 878 1934 laciniis
897 1892 1094 1945 oblongis
1121 1892 1492 1947 subinaequalibus
1516 1891 1796 1934 acutiusculis

99 1950 267 2002 ciliatis,
290 1952 450 1994 corolla
474 1951 593 1993 ssava'
605 1950 674 1994 vel
697 1952 925 2006 purpurea
942 1953 1059 1993 recta
1082 1952 1247 1994 clavata
1273 1952 1357 1994 lata
1381 1951 1524 2004 calyce
1542 1949 1642 2004 plus
1664 1949 1800 2004 duplo

99 2008 289 2063 longiore
316 2010 522 2053 dentibus
550 2010 761 2053 brevibus
797 2010 1023 2052 latissimis
1060 2011 1319 2053 acuminatis
1356 2009 1567 2061 recurvis,
1601 2009 1797 2051 antlneris

95 2068 273 2112 inclusis
295 2069 516 2112 filamento
541 2069 820 2112 brevioribus
843 2069 1080 2123 appendice
1100 2070 1222 2112 brevi
1247 2073 1386 2120 acuta,
1405 2069 1606 2122 cat-pellis
1631 2068 1797 2121 magnis

96 2127 275 2171 laevibus
306 2133 370 2180 Θ.
420 2128 460 2172 C.
487 2140 646 2183 aspera
684 2128 794 2171 Roth
821 2127 909 2171 Cat.
936 2129 965 2176 Ι,
994 2142 1032 2183 p.
1059 2130 1129 2171 33.
1168 2129 1229 2171 Fi.
1265 2128 1401 2170 Graec.
1440 2127 1522 2169 tab.
1553 2129 1644 2169 170.
1673 2151 1722 2156 —
1753 2125 1791 2168 C.

94 2185 283 2239 ctriyosa
309 2188 443 2232 Rchb.

142 2258 240 2295 Hah.
258 2260 298 2296 in
316 2261 433 2297 cultis
452 2263 489 2297 et
506 2262 609 2297 inter
624 2265 775 2307 segetes
789 2262 984 2307 Zacynthi
999 2262 1155 2307 (Sibtb,
1169 2261 1283 2307 Marg
1295 2263 1331 2306 l),
1348 2261 1605 2307 Peloponnesi
1621 2259 1793 2304 (Simu),

95 2307 228 2342 Atticae
257 2307 448 2356 (Sprun!)‚
468 2308 630 2345 Boeotiae
657 2309 834 2356 (Orph!)‚
853 2308 1095 2346 Macedoniae
1123 2309 1296 2354 (Simu),
1316 2309 1498 2355 Byzantii
1518 2308 1739 2353 tCoumany
1755 2308 1794 2351 l),

95 2352 308 2399 Cycladum
329 2355 448 2400 (Sartl
466 2355 573 2403 Orph
586 2358 622 2402 l),
641 2356 766 2392 Cretae
785 2357 941 2402 (Siebl).

139 2417 197 2453 Ar.
221 2417 352 2465 Geoqr.
380 2419 503 2466 Regio
522 2419 806 2456 Mediterranea
825 2421 946 2456 totius
964 2419 1131 2467 Europae
1152 2423 1189 2455 et
1206 2419 1337 2455 Africa
1357 2419 1538 2455 borealis.

151 2543 188 2583 4.
223 2542 277 2585 C.
304 2546 533 2587 retorta
560 2543 716 2598 (Silua.
751 2546 792 2586 et
826 2543 912 2586 Sm.
951 2544 1011 2586 Fi.
1039 2544 1173 2587 Graec.
1206 2544 1256 2596 ll,
1290 2558 1327 2597 p.
1353 2545 1425 2595 60,
1457 2543 1540 2585 tab.
1575 2541 1675 2596 171)
1701 2544 1793 2596 gla-

94 2600 326 2655 briuscula‚
353 2604 474 2645 cante
501 2607 644 2646 erecto
671 2615 856 2653 ramoso,
884 2603 996 2645 foliis
1026 2603 1366 2645 membranaceis
1396 2601 1576 2644 laevibus
1601 2600 1790 2644 obtusis-

96 2659 212 2703 simis
230 2660 389 2704 intimis
410 2662 875 2716 oblongo-spathulatis
898 2661 1447 2716 attcnnato-subpetiolatis
1466 2661 1634 2703 caeteris
1651 2662 1793 2703 ovatis

95 2719 159 2760 vel
196 2720 284 2762 fere
320 2721 570 2764 orbiculatis
604 2722 687 2763 late
726 2725 768 2762 et
802 2721 1084 2764 obtusissimo
1117 2720 1580 2768 cordato-auriculatis‚
1608 2720 1791 2761 racemis

93 2777 390 2822 terminalibus
419 2780 911 2835 capitato-scorpioideis
949 2780 1046 2826 dein
1078 2781 1184 2823 laxis
1212 2780 1396 2822 bracteis
1422 2779 1537 2821 soliis
1572 2778 1789 2822 similibus

91 2835 166 2877 sed
191 2837 430 2880 minoribns
457 2839 623 2889 obsitis.
651 2839 809 2893 calycis
846 2839 1011 2882 laciniis
1036 2838 1323 2894 inaequalibus
1353 2838 1590 2881 linearibus
1617 2837 1786 2879 obtusis

91 2898 186 2947 post
223 2897 419 2940 antbesin
459 2899 596 2940 auctis
637 2898 727 2940 basi
768 2899 1235 2947 auriculam-cordatis,
1280 2898 1438 2940 corolla
1482 2897 1624 2949 calyce
1651 2897 1787 2950 duplo

93 2951 280 3006 longiore
322 2956 713 3000 tubuloso·clavata
754 2957 1174 3001 albido-ochroleuca
1215 2958 1267 2999 ad
1306 2957 1395 2998 basi
1435 2959 1698 2999 attenuatam
1742 2960 1787 2997 et

89 3022 244 3056 rursus
267 3015 348 3057 sub
371 3016 489 3069 apice
513 3016 701 3059 violaceo
728 3017 961 3059 constricto
990 3016 1053 3059 bis
1080 3016 1256 3059 curvata
1278 3015 1327 3057 ad
1356 3017 1524 3057 faucem
1550 3014 1784 3057 constricta
