2065 3271
116 244 428 285 Acantholimon.
791 251 1101 278 PLUMBAGINEAE.
1734 244 1802 282 831

116 329 234 367 lineas
255 328 407 374 longus
437 328 522 363 Am.
541 337 564 362 a
586 327 718 371 Bunge
737 326 838 360 hanc
861 326 1028 371 speciem
1052 326 1147 361 faeie
1167 324 1503 362 distinctissimam
1530 327 1568 362 in
1593 329 1682 363 sect.
1707 326 1803 364 Glu-

117 373 246 413 maric‘i
266 374 528 410 mediantibus
556 373 605 408 A.
635 372 851 419 chprechtz'
871 377 907 408 et
927 372 1194 419 lycopodz'oide
1221 374 1259 407 in
1284 373 1429 408 ditione
1454 377 1585 409 nostra
1605 384 1683 409 non
1701 374 1802 410 indi-

117 421 425 503 genis-{Ollofftfi-
442 421 688 503 sgglhabitus
706 420 866 455 omnino
885 420 1039 455 alienus
1059 421 1096 454 et
1113 420 1217 456 foliis
1243 420 1400 455 muticis
1427 420 1476 455 ab
1505 422 1689 457 omnibus
1709 432 1801 458 con-

112 479 241 516 generi
273 479 317 504 us
365 478 397 503 1s
419 479 454 502 m
523 496 529 503 .

618 597 737 641 SECT.
773 598 862 640 Vll.
898 597 1165 640 STATlCOPSIS
1198 597 1298 650 Bgc.

640 724 662 778 g
701 726 734 765 1.
769 723 1257 777 Rhodocalycina.

173 849 234 888 15.
273 847 332 889 A.
359 858 717 889 avenaceum
743 846 851 901 (l3ge
889 847 963 887 loc.
994 846 1063 887 cit.
1099 859 1137 898 p.
1172 845 1245 900 25)
1280 846 1409 888 dense
1436 846 1797 898 erinaceo-cespi-

110 910 246 948 tosum
282 907 573 956 glaucesccns,
611 907 742 948 ramis
772 905 978 947 brevibus
1016 904 1126 946 foliis
1162 904 1410 957 patentibus
1441 904 1647 955 horridis,
1686 905 1797 948 soliis

109 965 310 1006 tenuibus
351 964 500 1017 rigidis
539 965 728 1007 acerosis
763 963 1141 1017 plano-triquetris
1178 964 1373 1016 margine
1407 962 1631 1014 scabridis,
1658 965 1797 1016 scapis

105 1023 335 1077 gracilibus
359 1023 566 1075 elongatis
597 1022 757 1074 glabris
792 1022 1003 1063 teretibus
1039 1033 1152 1074 saepe
1187 1022 1387 1071 ramosis,
1427 1022 1556 1074 spicis
1594 1021 1795 1064 omnibus

108 1082 310 1124 brevibus
334 1083 467 1124 dense
483 1086 524 1122 et
544 1081 821 1124 fasciculatim
841 1081 914 1122 3-5
936 1081 1158 1133 spiculatis
1178 1081 1458 1122 inferioribus
1477 1080 1794 1134 pedunculatis‚

103 1141 402 1193 superioribus
435 1140 755 1193 unispie-ulatis,
782 1139 960 1192 spiculis
988 1138 1201 1190 unissoris,
1228 1139 1397 1181 bractea
1423 1139 1639 1181 exteriore
1667 1142 1795 1182 ovata

100 1199 526 1242 coriaceo·berbacea
570 1200 693 1242 acuta
744 1199 1282 1250 fuscescenti-marginata,
1324 1198 1604 1240 interioribus
1658 1197 1792 1251 duplo

101 1257 364 1311 longioribus
391 1258 633 1300 convolutis
658 1257 824 1300 obtusis
863 1260 1019 1310 praeter
1053 1257 1242 1299 carinam
1273 1258 1485 1298 virentem
1517 1257 1792 1299 fusco-mem-

102 1314 338 1368 branaceis,
368 1316 524 1370 calycis
557 1317 660 1358 tubo
691 1317 856 1358 hirsuto
893 1316 934 1357 in
964 1314 1140 1357 limbum
1167 1320 1559 1370 purpurascentem
1585 1314 1793 1358 subtrun—

101 1379 238 1417 catum
282 1376 474 1426 obsolete
516 1374 1008 1429 eroso-quinquelobum
1051 1374 1346 1416 submuticum
1391 1375 1588 1428 glabrum
1629 1375 1809 1418 sensim„

99 1435 302 1488 ampliato
322 1443 358 1484 5.

146 1507 243 1543 Hab.
265 1509 303 1543 in
327 1508 515 1555 lapidosis
536 1508 734 1544 montanis
763 1508 810 1543 ad
844 1517 967 1554 pagos
985 1507 1162 1552 Tchegar
1185 1509 1222 1542 et
1243 1507 1428 1543 Gulistan
1458 1508 1506 1543 ad
1534 1508 1654 1544 occid.
1685 1508 1793 1545 urbis

99 1552 309 1591 Meschhed
329 1566 436 1602 prov.
458 1556 685 1591 Kborassan
706 1555 853 1601 (Bgel).

142 1617 253 1654 Folia
277 1620 363 1655 7-10
381 1620 506 1656 lineas
526 1620 657 1666 longa,
684 1621 792 1665 scapi
818 1631 906 1656 cum
927 1620 1035 1666 spica
1054 1619 1225 1666 pedaleS,
1252 1620 1366 1666 calyx
1392 1621 1413 1655 4
1429 1621 1470 1665 ¹l²
1493 1620 1616 1656 lineas
1639 1621 1793 1666 longus.

96 1665 250 1712 Species
281 1667 377 1702 facie
402 1668 451 1703 A.
471 1667 641 1714 scz'rpz'no
659 1668 865 1703 simillima
886 1667 954 1703 sed
975 1667 1136 1713 spiculae
1165 1677 1317 1713 semper
1339 1667 1514 1703 unissorae
1534 1669 1792 1705 tribracteatae

97 1716 135 1749 et
152 1712 300 1749 limbus
321 1725 608 1761 purpurascens
628 1726 698 1751 nec
708 1715 842 1750 albus.

152 1811 220 1856 16.
258 1815 314 1857 A.
334 1813 594 1858 Calverti
615 1813 772 1870 (Boiss.
791 1814 942 1866 Diagn.
964 1813 1057 1855 Ser.
1078 1813 1130 1864 ΙΙ,
1153 1814 1179 1855 4
1198 1827 1238 1868 p.
1258 1812 1332 1870 65>
1353 1814 1615 1866 cespitosum
1641 1814 1792 1865 viride,

97 1873 225 1915 ramis
260 1874 465 1916 tenuibus
492 1874 583 1915 basi
612 1874 806 1926 vestigiis
837 1873 1035 1915 foliorum
1073 1873 1342 1915 circinnatim
1377 1873 1574 1915 recurvis
1608 1873 1790 1923 vestitis,

96 1930 205 1974 foliis
228 1932 365 1985 longis
389 1932 699 1984 angustissime
729 1932 967 1975 linearibus
997 1931 1280 1986 planiusculis
1306 1932 1498 1984 margine
1527 1931 1789 1975 scabridulis

93 1988 133 2032 in
157 2002 407 2033 mucronem
434 1992 503 2034 vix
531 1995 789 2044 pungentem
816 1991 1078 2034 abeuntibus
1104 2003 1186 2033 non
1220 1991 1386 2043 rigidis,
1416 1991 1556 2043 scapis
1582 1991 1678 2032 folia
1719 1990 1789 2032 vix

92 2050 400 2103 superantibus
425 2049 649 2103 puberulis
676 2050 968 2103 1-2-stachyis,
984 2050 1115 2103 spicis
1130 2050 1342 2102 contiguis
1364 2049 1501 2091 ovatis
1523 2049 1785 2103 compressis

94 2107 228 2151 dense
272 2113 314 2150 et
355 2109 534 2151 disticho
575 2109 913 2162 5-7·spiculatis,
961 2108 1145 2151 bracteis
1186 2108 1526 2162 subaequilongis
1566 2108 1790 2151 lierbaceis

93 2166 624 2221 tumescenti-marginatis
652 2168 813 2220 glabris
846 2168 1063 2209 exteriore
1091 2169 1588 2209 attenuato-mucronata
1620 2167 1788 2209 caeteris

95 2230 252 2279 praeter
297 2240 481 2270 nervum
526 2226 868 2270 membranaceis
911 2225 1095 2279 abrupte
1138 2229 1180 2268 et
1217 2226 1412 2268 breviter
1457 2226 1788 2276 mucronulatis,

93 2284 247 2339 calycis
276 2285 377 2328 tubo
413 2286 603 2328 obsolete
636 2286 864 2340 puberum,
899 2286 1026 2327 limbo
1060 2285 1384 2340 subaequilongo
1418 2285 1611 2327 obsolete
1646 2286 1788 2328 lobato

94 2354 217 2386 roseo
244 2345 311 2385 vel
342 2345 498 2398 pallide
524 2345 690 2387 rubello
714 2346 873 2387 mntico
901 2344 1236 2397 nigro-nervoso
1272 2350 1330 2391 26.

138 2415 237 2452 Hab.
268 2418 307 2452 in
338 2419 537 2453 Armeniae
569 2420 699 2454 monte
729 2418 941 2464 Teehdagh
974 2427 1093 2464 prope
1120 2417 1306 2453 Erzerum
1339 2416 1468 2461 (Calv.
1494 2428 1574 2453 exs.
1593 2415 1707 2464 5071),
1739 2419 1791 2457 ad

93 2461 364 2500 Palanteuken
386 2465 479 2511 (Ky.
501 2465 637 2512 Suppl.
661 2465 777 2510 5841).

137 2527 195 2563 Ex
214 2529 328 2564 unico
347 2530 559 2575 specimine
581 2532 717 2566 notum
735 2531 812 2566 fere
830 2529 1074 2575 herbaceum,
1093 2529 1186 2564 folia
1203 2529 1541 2576 sesquipolliraria
1559 2530 1790 2567 tenuissima

94 2574 253 2610 minime
273 2577 498 2623 pungentia,
517 2577 634 2623 spicae
652 2577 739 2613 9-10
762 2578 886 2612 lineas
906 2577 1046 2622 longze,
1064 2576 1179 2622 calyx
1196 2577 1220 2612 5
1234 2577 1273 2619 ’λι
1294 2577 1418 2612 lineas
1442 2577 1594 2621 longus.
1614 2578 1786 2613 Omnino

95 2620 208 2657 facies
229 2624 265 2658 et
287 2623 575 2659 intlorescentia
597 2625 644 2660 A.
660 2624 861 2671 qlumacez·
875 2625 909 2660 J.
928 2627 965 2659 et
982 2626 1044 2670 Sp.
1067 2624 1136 2660 sed
1164 2624 1260 2659 solia
1287 2624 1417 2659 minus
1447 2625 1575 2669 rigida
1594 2625 1661 2659 vix
1699 2634 1786 2660 iun-

94 2669 242 2714 genita,
282 2669 446 2706 bracteae
477 2671 642 2717 glabrae,
673 2672 817 2717 calycis
850 2671 996 2707 limbus
1026 2681 1244 2718 purpureus
1275 2673 1312 2707 et
1341 2672 1540 2707 interdum
1572 2673 1611 2706 in
1642 2682 1691 2718 pa
1711 2671 1789 2707 lide

96 2715 290 2752 rubellum
309 2727 488 2763 vergens.

162 2816 224 2856 17.
261 2815 320 2859 A.
347 2821 671 2861 venustum
699 2818 857 2874 (Boiss.
888 2818 1039 2872 Diagn.
1068 2817 1164 2860 Ser.
1196 2818 1230 2869 I,
1263 2820 1283 2859 7
1311 2832 1348 2871 p.
1374 2818 1448 2872 80)
1475 2819 1569 2860 laxe
1605 2817 1787 2870 cespite-

99 2885 189 2917 sum
214 2876 492 2928 glaucescens
523 2878 1078 2931 calcareo-squamulatum.
1114 2877 1226 2921 foliis
1255 2876 1496 2920 latiusculis
1529 2876 1786 2930 plano-cari-

100 2933 208 2975 natis
246 2938 404 2988 pi·aeter
444 2936 590 2978 infima
627 2936 892 2980 subinermia
937 2938 1243 2990 pungentibus,
1275 2938 1415 2991 scapis
1447 2936 1652 2978 brevibus
1690 2935 1786 2978 folia

101 2994 406 3045 superantibus
435 3007 626 3048 superne
650 3008 746 3038 cum
772 2995 943 3038 racliitle
959 2997 1184 3048 scabridis,
1203 2996 1320 3050 spica
1339 2996 1523 3050 simplici
1548 2994 1788 3040 laxiuscula
