2100 3262
214 262 309 300 1194
954 268 1179 296 SALICINEAE
1188 287 1196 294 .
1724 259 1902 309 Populus
1909 290 1921 299 .

279 345 317 387 3.
351 343 408 386 P.
437 341 800 397 Euphratica
832 340 963 397 (Oliv.
990 342 1096 396 Voy.
1123 344 1162 389 3,
1198 355 1238 397 p.
1272 341 1372 391 449,
1413 340 1500 382 tab.
1538 341 1693 397 45-46)
1727 343 1928 395 arborea,

218 403 353 447 ramis
389 402 548 456 patulis
577 400 828 455 junioribus
862 401 1109 454 puberulis‚
1149 401 1261 444 foliis
1301 399 1471 453 petiolis
1504 400 1625 454 apice
1657 404 1923 455 compressis

220 461 518 505 insidentibus
552 460 859 503 crassiusculis
896 461 1059 512 glaucis
1093 459 1255 513 glabris
1293 471 1513 501 ramorum
1545 461 1703 512 plantae
1737 461 1928 514 junioris

223 524 267 564 et
299 520 583 563 inferioribus
622 519 846 561 sterilibus
881 518 925 560 in
959 520 1109 562 eadem
1148 519 1305 560 arbore
1327 520 1509 570 anguste
1536 517 1774 561 linearibus
1802 521 1926 564 elon-

220 580 347 634 gatis,
381 579 446 620 vel
481 578 731 620 lanceolatis
757 577 954 630 integris,
980 590 1201 620 ramorum
1236 577 1516 630 superiorum
1547 576 1753 620 fertilium
1784 591 1806 620 a
1834 579 1928 622 basi

221 638 409 681 cuneata
437 638 501 679 vel
532 637 764 680 rotundata
789 637 1188 679 ovato-lanceolatis
1216 635 1354 678 acutis
1375 635 1442 677 vel
1468 635 1826 689 triangularibus,
1860 639 1929 681 vel

220 696 517 740 rhomboideis
554 697 622 738 vel
656 695 884 738 deltoideis
917 697 986 739 vel
1022 695 1272 738 orbiculatis
1302 706 1419 748 saepe
1442 694 1532 735 basi
1559 695 1833 738 subcordatis
1860 697 1926 739 vel

220 759 476 799 transverse
498 754 723 797 latioribus
747 754 977 797 flabellatis
995 755 1176 807 integris
1194 758 1268 796 aut
1286 756 1407 806 parte
1428 754 1646 805 superiori
1668 755 1765 807 plus
1783 756 1931 799 minus

220 818 344 858 acute
365 814 567 862 dentatis,
597 813 787 867 capsulis
810 814 974 867 magnis
998 813 1192 856 ovoideis
1213 819 1247 861 5.
1274 811 1329 853 Ic.
1359 811 1498 854 folior.
1521 812 1735 855 Wesmael
1761 813 1928 868 Monog.

218 877 248 917 t.
274 874 420 916 10-13.
444 897 497 902 —
516 872 565 914 P.
586 871 869 923 diversifolia
888 873 1085 914 Scbrenk
1101 872 1259 914 Enum.
1282 883 1324 925 p.
1348 872 1416 913 15.
1435 895 1490 900 —
1510 870 1689 914 Trautv.
1711 872 1792 914 Im.
1813 877 1841 915 t.
1859 874 1926 916 16.

265 946 368 982 Hab.
384 945 433 981 ad
449 947 556 981 rivos
573 947 610 981 et
629 955 754 991 aquas
770 945 941 991 regionis
955 945 1169 989 inferioris,
1189 944 1371 990 Egyptus
1392 944 1433 979 in
1449 942 1542 979 Oasi
1561 946 1932 993 pa1·va(Asche1·sl)‚

220 991 424 1029 Palestina
455 993 505 1028 ad
531 992 754 1029 Jordanum
775 1003 854 1027 non
871 993 1008 1039 procul
1040 1003 1062 1028 a
1081 992 1239 1034 Qericho
1265 991 1413 1035 (Bovei
1433 991 1593 1036 Boissl)‚
1619 992 1733 1037 Syria
1759 993 1934 1029 borealis

222 1040 276 1076 ad
293 1041 388 1076 ssuv.
407 1040 517 1075 Aksu
538 1050 660 1085 prope
681 1040 863 1074 Marasch
886 1039 1067 1083 (Haussk
1081 1041 1116 1083 l),
1141 1039 1430 1084 Mesopotamia
1449 1040 1486 1074 et
1504 1039 1670 1084 Assyria
1693 1039 1785 1085 (Ky.
1810 1040 1879 1076 401
1893 1042 1933 1086 Ι),

221 1087 449 1132 Babylonia
466 1087 515 1122 ad
531 1086 775 1132 Euphratem
792 1090 830 1121 et
844 1087 980 1132 Tigrin
997 1087 1127 1130 (Olivt
1143 1087 1227 1121 Noe
1238 1088 1276 1129 l),
1295 1086 1429 1121 Persia
1444 1086 1696 1121 occidentalis
1706 1087 1933 1133 (Haueskl),

222 1134 408 1170 australis
427 1134 528 1169 inter
550 1133 728 1169 Abuchir
745 1137 782 1169 et
799 1133 955 1169 Schiraz
983 1133 1075 1177 (Ky.
1093 1133 1215 1177 2230,
1249 1133 1421 1168 borealis
1451 1133 1492 1167 in
1527 1143 1638 1179 prov.
1665 1134 1812 1169 Ghilan
1840 1134 1934 1179 (Mi-

222 1181 387 1226 chaux),
437 1191 530 1227 rope
551 1180 713 1226 Mendjil
733 1183 771 1216 et
791 1180 996 1216 Schahrud
1019 1181 1206 1225 (Bulisel)
1227 1182 1264 1215 et
1284 1179 1486 1215 orientalis
1506 1181 1546 1215 in
1565 1190 1674 1226 prov.
1697 1181 1928 1217 Khorassan

224 1228 325 1274 (Bge
337 1231 377 1274 l),
428 1228 660 1263 urkestania
674 1228 815 1272 (Lehm
827 1230 866 1273 l),
881 1238 1047 1274 regnum
1065 1227 1300 1263 Cabulicum
1309 1226 1475 1271 (Griffl),
1490 1226 1885 1272 BelutschiasStocks
1895 1230 1934 1273 1).

224 1274 354 1311 Persis
377 1274 580 1321 Terc'inqut
596 1275 661 1310 vel
679 1274 815 1317 Patta,
832 1275 1064 1319 Kliirguisis
1091 1273 1297 1320 Tm-anqa,
1318 1274 1461 1309 Arabis
1480 1274 1634 1319 Safsas'.

274 1332 432 1379 Species
448 1332 547 1367 mire
570 1331 860 1377 heterophylla,
880 1331 978 1366 folia
994 1341 1193 1366 ramorum
1208 1331 1412 1377 juniorum
1431 1340 1536 1376 saepe
1553 1330 1799 1377 3-4-pollices
1816 1330 1936 1376 longa

226 1378 353 1415 lineas
370 1378 433 1413 2-3
451 1379 531 1413 lata
551 1378 630 1413 illis
648 1376 687 1414 S.
707 1378 1042 1425 kzppoplzae'solz'oe
1064 1378 1218 1420 similia,
1251 1380 1390 1412 caetera
1412 1378 1560 1413 sensim
1583 1388 1719 1413 omnes
1740 1378 1886 1413 formas
1911 1388 1936 1413 a

222 1425 444 1462 lanceolata
466 1426 517 1460 ad
536 1428 757 1460 transverse
779 1426 1019 1461 flabellatam
1046 1425 1274 1471 praebentia.
1309 1424 1482 1470 Capsula
1514 1425 1714 1460 interdum
1740 1425 1935 1461 trivalvis.

273 1482 335 1517 Ar.
350 1483 483 1527 Geogr.
502 1481 761 1528 amplissima,
782 1481 915 1516 Africa
934 1481 1105 1516 borealis
1124 1481 1286 1516 interior
1300 1491 1323 1516 a
1340 1491 1452 1527 prov.
1468 1481 1585 1527 Oran,
1605 1481 1753 1517 Sibiria
1770 1481 1936 1527 Altaica,

230 1529 339 1574 regio
359 1528 500 1564 Scinde
520 1528 658 1573 Indiae,
676 1529 783 1574 regio
803 1528 1039 1564 Himalaica.

289 1654 411 1698 ssscr.
439 1654 514 1696 ΙΙΙ.
552 1654 757 1698 Aiomos
784 1654 909 1708 Duby
937 1655 1013 1696 loc.
1038 1654 1106 1697 cit.
1150 1679 1199 1684 —
1227 1652 1418 1697 Geminae
1446 1657 1489 1696 et
1512 1655 1667 1698 ramuli
1690 1654 1829 1709 glabri
1852 1654 1940 1697 vis-

529 1714 626 1756 cidi.
661 1714 835 1756 Amenti
862 1724 1055 1768 squamae
1079 1713 1253 1766 glabrae.
1282 1714 1558 1768 Perigonium
1583 1714 1935 1768 integerrimum.

531 1771 725 1816 Stamina
756 1774 895 1816 12-30.

294 1876 333 1917 4.
367 1873 427 1916 P.
453 1874 633 1929 niqra
659 1873 725 1929 (L.
752 1874 826 1928 Sp.
863 1874 995 1929 1464)
1022 1874 1201 1916 arborea
1226 1875 1350 1917 elata.
1372 1875 1507 1917 ramis
1535 1873 1802 1928 patentibus,
1826 1873 1940 1917 foliis

233 1934 395 1988 petiolo
431 1935 558 1986 longo
592 1934 712 1988 apice
747 1945 998 1988 compresso
1040 1933 1233 1976 suffultis
1261 1934 1423 1986 glabris
1459 1934 1608 1977 nitidis
1639 1932 1942 1976 concoloribus

234 1992 449 2036 deltoideo
474 1993 542 2035 vel
566 1992 1213 2045 rhomboideo-triangularibus
1234 1992 1507 2046 longitudine
1524 1992 1752 2036 latioribus
1772 1992 1939 2034 minute

235 2051 466 2094 serrulatis
491 2051 748 2095 acuminatis
771 2055 808 2101 ὅ.
835 2051 891 2094 Ic.
916 2051 1051 2094 Rchb.
1077 2050 1224 2093 Germ.
1248 2052 1317 2104 fig.
1348 2052 1472 2094 1275.

279 2116 382 2153 Hah.
403 2118 452 2153 ad
473 2128 598 2164 aquas
616 2117 790 2163 regionis
812 2118 1007 2154 inferioris
1027 2120 1063 2154 et
1080 2119 1280 2153 montanae
1298 2118 1378 2153 fere
1398 2118 1440 2154 in
1458 2119 1542 2154 tota
1560 2117 1712 2153 ditione
1740 2127 1763 2152 a
1791 2117 1944 2153 Graecia

234 2164 410 2210 (Simu),
435 2166 483 2200 ad
513 2164 785 2201 Macedoniam
817 2167 855 2200 et
873 2165 1083 2201 Thraciam
1103 2166 1254 2211 (Orpb.‚
1275 2165 1461 2210 Griseb.)‚
1487 2165 1689 2211 Tauri-am,
1719 2164 1943 2200 Caucasum

235 2215 274 2247 et
312 2212 664 2248 Transcaucasiam
698 2212 893 2258 (Ledeb.),
933 2213 1109 2248 Persiam
1148 2212 1351 2248 borealem
1393 2212 1616 2258 (Szovitsl),
1647 2211 1801 2258 Syriam
1840 2211 1944 2247 circa

235 2258 479 2295 Damascum
503 2260 675 2305 (Gailll).

283 2319 345 2354 Ar.
376 2320 509 2364 Geoqr.
552 2318 712 2365 Europa
742 2318 876 2354 media
904 2320 942 2353 et
971 2317 1155 2353 australis
1192 2317 1244 2353 ab
1274 2316 1419 2363 Anglia
1451 2319 1490 2354 et
1516 2317 1646 2353 Dania
1678 2317 1729 2353 ad
1758 2316 1944 2353 Rossiam

235 2366 422 2412 mediam,
453 2366 598 2402 Sibiria
619 2366 822 2402 Uralensis
841 2368 879 2401 et
897 2365 1062 2412 Altaica,
1089 2365 1223 2401 Africa
1240 2365 1423 2401 borealis.

297 2469 338 2509 5.
374 2465 431 2508 P.
459 2464 858 2521 pyramidalis
892 2464 1073 2520 (Rozier
1102 2465 1147 2508 in
1180 2465 1297 2507 Lam.
1326 2464 1435 2508 Dict.
1470 2466 1512 2517 5,
1548 2478 1587 2520 p.
1623 2464 1728 2520 235)
1761 2464 1945 2506 arborea

235 2526 365 2576 elata,
391 2525 524 2568 ramis
551 2529 593 2568 et
617 2525 797 2568 ramulis
820 2525 978 2567 erectis
1008 2524 1309 2578 pyramidatis,
1347 2524 1459 2567 foliis
1483 2525 1641 2579 petiolo
1674 2524 1800 2576 longo
1824 2523 1946 2577 apice

236 2596 489 2640 compresso
515 2585 708 2628 suffultis
733 2583 897 2638 glabris
921 2584 1070 2626 nitidis
1102 2584 1403 2627 concoloribus
1430 2583 1650 2626 rhombeis
1687 2581 1955 2637 aequilongis

235 2648 282 2687 et
310 2645 406 2687 latis
434 2644 692 2687 acuminatis
726 2643 816 2686 basi
851 2643 1064 2686 truncatis
1088 2643 1364 2685 denticulatis
1388 2646 1426 2693 5.
1471 2643 1523 2686 P.
1553 2641 1798 2695 fastigiata
1827 2640 1945 2683 Poir.

239 2702 351 2746 Dict.
375 2728 431 2732 —
457 2702 505 2745 P.
521 2702 705 2745 dilatata
725 2703 810 2745 Ait.
838 2702 943 2744 Kew
970 2703 1149 2757 (nomen
1174 2701 1459 2757 ambiguum).
1488 2724 1545 2733 —
1573 2702 1620 2744 P.
1641 2699 1798 2744 Italica-
1818 2700 1945 2742 Auct.

285 2775 389 2812 Hab.
404 2775 454 2811 ad
470 2777 555 2811 vias
571 2786 675 2823 saepe
691 2775 865 2821 culta‚ex
881 2775 1042 2810 Oriente
1057 2776 1101 2810 ut
1115 2774 1271 2820 dicitur,
1285 2774 1485 2820 indigena,
1500 2774 1734 2810 Macedonia
1743 2771 1950 2818 (Griseh.),

240 2823 429 2860 Anatolia
449 2824 576 2859 omnis
595 2826 633 2859 et
650 2824 837 2859 Armenia
858 2823 925 2866 (ex
944 2822 1117 2867 Tchih.)‚
1146 2823 1187 2857 in
1212 2822 1390 2857 vallibus
1417 2821 1638 2857 Antilibani
1656 2823 1696 2857 et
1718 2819 1948 2865 Coelesyriae

240 2870 565 2917 frequentissima
586 2871 760 2916 (Boissl)
787 2869 856 2906 sed
883 2880 933 2904 an
960 2871 1181 2915 spontanea
1195 2871 1224 2914 ⁶3,
1252 2869 1378 2905 valles
1407 2870 1555 2905 montis
1580 2869 1757 2904 Karatau
1774 2865 1953 2904 Turkes-

239 2918 361 2954 tantan
382 2917 538 2961 (Lehm.
556 2928 606 2954 ex
628 2918 725 2964 Ege)
745 2917 815 2954 ubi
831 2919 1050 2963 spontanea
1069 2916 1236 2951 videtur.
1265 2916 1395 2952 Persis
1410 2915 1603 2964 Ssofidar.

286 2975 349 3010 Ar.
367 2975 500 3020 Geoqr.
528 2974 685 3021 Ubique
704 2974 744 3009 in
764 2973 923 3019 Europa
940 2971 1070 3007 media
1087 2974 1125 3007 et
1143 2971 1310 3008 australi
1327 2971 1442 3009 culta.
