<?xml version="1.0" encoding="UTF-8"?>
<!DOCTYPE html PUBLIC "-//W3C//DTD XHTML 1.0 Transitional//EN"
    "http://www.w3.org/TR/xhtml1/DTD/xhtml1-transitional.dtd">
<html xmlns="http://www.w3.org/1999/xhtml" xml:lang="en" lang="en">
 <head>
  <title>
</title>
<meta http-equiv="Content-Type" content="text/html;charset=utf-8" />
  <meta name='ocr-system' content='tesseract 3.04.00' />
  <meta name='ocr-capabilities' content='ocr_page ocr_carea ocr_par ocr_line ocrx_word'/>
</head>
<body>
  <div class='ocr_page' id='page_1' title='image "./floraorientaliss04bois/floraorientaliss04bois_0733.png"; bbox 0 0 2065 3271; ppageno 0'>
   <div class='ocr_carea' id='block_1_1' title="bbox 81 213 1767 261">
    <p class='ocr_par' dir='ltr' id='par_1_1' title="bbox 81 213 1767 261">
     <span class='ocr_line' id='line_1_1' title="bbox 81 213 1767 261; baseline -0.008 -7"><span class='ocrx_word' id='word_1_1' title='bbox 81 213 242 261; x_wconf 68' lang='lat' dir='ltr'>stachys</span> <span class='ocrx_word' id='word_1_2' title='bbox 252 238 260 247; x_wconf 94' lang='lat'>.</span> <span class='ocrx_word' id='word_1_3' title='bbox 822 219 1025 247; x_wconf 62' lang='lat' dir='ltr'>Laem&#39;rffi.</span> <span class='ocrx_word' id='word_1_4' title='bbox 1698 220 1767 257; x_wconf 72' lang='lat'>725</span> 
     </span>
    </p>
   </div>
   <div class='ocr_carea' id='block_1_2' title="bbox 58 291 1764 990">
    <p class='ocr_par' dir='ltr' id='par_1_2' title="bbox 58 291 1764 644">
     <span class='ocr_line' id='line_1_2' title="bbox 82 291 1764 349; baseline 0.002 -7"><span class='ocrx_word' id='word_1_5' title='bbox 82 297 266 343; x_wconf 86' lang='lat' dir='ltr'>rioribus</span> <span class='ocrx_word' id='word_1_6' title='bbox 289 291 614 340; x_wconf 81' lang='lat' dir='ltr'>subsessilibus,</span> <span class='ocrx_word' id='word_1_7' title='bbox 643 292 864 335; x_wconf 81' lang='lat' dir='ltr'>floralibus</span> <span class='ocrx_word' id='word_1_8' title='bbox 887 295 1116 338; x_wconf 83' lang='lat' dir='ltr'>sessilibus</span> <span class='ocrx_word' id='word_1_9' title='bbox 1136 296 1345 349; x_wconf 80' lang='lat' dir='ltr'>gradatim</span> <span class='ocrx_word' id='word_1_10' title='bbox 1365 298 1606 343; x_wconf 82' lang='lat' dir='ltr'>minoribus</span> <span class='ocrx_word' id='word_1_11' title='bbox 1635 304 1764 345; x_wconf 89' lang='lat' dir='ltr'>verti-</span> 
     </span>
     <span class='ocr_line' id='line_1_3' title="bbox 81 350 1764 413; baseline 0.002 -13"><span class='ocrx_word' id='word_1_12' title='bbox 81 357 265 400; x_wconf 84' lang='lat' dir='ltr'>cillastra</span> <span class='ocrx_word' id='word_1_13' title='bbox 303 350 628 405; x_wconf 81' lang='lat' dir='ltr'>superantibuS‚</span> <span class='ocrx_word' id='word_1_14' title='bbox 657 351 841 394; x_wconf 75' lang='lat' dir='ltr'>bracteis</span> <span class='ocrx_word' id='word_1_15' title='bbox 872 353 1118 396; x_wconf 83' lang='lat' dir='ltr'>lanceolatis</span> <span class='ocrx_word' id='word_1_16' title='bbox 1155 355 1357 404; x_wconf 72' lang='lat' dir='ltr'>cristatis,</span> <span class='ocrx_word' id='word_1_17' title='bbox 1393 358 1573 401; x_wconf 74' lang='lat' dir='ltr'>{loribus</span> <span class='ocrx_word' id='word_1_18' title='bbox 1604 362 1764 413; x_wconf 77' lang='lat' dir='ltr'>parvis,</span> 
     </span>
     <span class='ocr_line' id='line_1_4' title="bbox 58 409 1763 471; baseline 0.004 -15"><span class='ocrx_word' id='word_1_19' title='bbox 58 413 231 467; x_wconf 72' lang='lat' dir='ltr'>&#39;calycis</span> <span class='ocrx_word' id='word_1_20' title='bbox 275 411 419 464; x_wconf 87' lang='lat' dir='ltr'>patule</span> <span class='ocrx_word' id='word_1_21' title='bbox 461 409 562 452; x_wconf 84' lang='lat' dir='ltr'>hirti</span> <span class='ocrx_word' id='word_1_22' title='bbox 606 409 708 452; x_wconf 89' lang='lat' dir='ltr'>recti</span> <span class='ocrx_word' id='word_1_23' title='bbox 754 410 922 453; x_wconf 84' lang='lat' dir='ltr'>tandem</span> <span class='ocrx_word' id='word_1_24' title='bbox 972 413 1127 455; x_wconf 84' lang='lat' dir='ltr'>accreti</span> <span class='ocrx_word' id='word_1_25' title='bbox 1172 413 1374 457; x_wconf 81' lang='lat' dir='ltr'>dentibus</span> <span class='ocrx_word' id='word_1_26' title='bbox 1421 417 1763 471; x_wconf 76' lang='lat' dir='ltr'>triangularibus</span> 
     </span>
     <span class='ocr_line' id='line_1_5' title="bbox 80 468 1763 527; baseline 0.005 -14"><span class='ocrx_word' id='word_1_27' title='bbox 80 471 255 516; x_wconf 74' lang='lat' dir='ltr'>aristula</span> <span class='ocrx_word' id='word_1_28' title='bbox 273 469 474 512; x_wconf 75' lang='lat' dir='ltr'>subulata</span> <span class='ocrx_word' id='word_1_29' title='bbox 497 468 738 510; x_wconf 86' lang='lat' dir='ltr'>terminatis</span> <span class='ocrx_word' id='word_1_30' title='bbox 758 469 927 511; x_wconf 77' lang='lat' dir='ltr'>tandem</span> <span class='ocrx_word' id='word_1_31' title='bbox 947 471 1244 520; x_wconf 87' lang='lat' dir='ltr'>subrecurvis,</span> <span class='ocrx_word' id='word_1_32' title='bbox 1263 474 1432 514; x_wconf 64' lang='lat' dir='ltr'>corollae</span> <span class='ocrx_word' id='word_1_33' title='bbox 1453 476 1763 527; x_wconf 77' lang='lat' dir='ltr'>glabrescentis</span> 
     </span>
     <span class='ocr_line' id='line_1_6' title="bbox 80 526 1764 591; baseline -0.002 -17"><span class='ocrx_word' id='word_1_34' title='bbox 80 541 239 574; x_wconf 79' lang='lat' dir='ltr'>carneae</span> <span class='ocrx_word' id='word_1_35' title='bbox 266 529 332 571; x_wconf 85' lang='lat' dir='ltr'>vcl</span> <span class='ocrx_word' id='word_1_36' title='bbox 360 527 535 570; x_wconf 87' lang='lat' dir='ltr'>sordide</span> <span class='ocrx_word' id='word_1_37' title='bbox 564 526 707 568; x_wconf 74' lang='lat' dir='ltr'>rubrae</span> <span class='ocrx_word' id='word_1_38' title='bbox 741 527 849 570; x_wconf 87' lang='lat' dir='ltr'>labio</span> <span class='ocrx_word' id='word_1_39' title='bbox 883 529 1109 582; x_wconf 74' lang='lat' dir='ltr'>superiore</span> <span class='ocrx_word' id='word_1_40' title='bbox 1137 530 1372 574; x_wconf 82' lang='lat' dir='ltr'>subretuso</span> <span class='ocrx_word' id='word_1_41' title='bbox 1408 538 1468 578; x_wconf 67' lang='lat'>24.</span> <span class='ocrx_word' id='word_1_42' title='bbox 1510 533 1550 575; x_wconf 91' lang='lat' dir='ltr'>S.</span> <span class='ocrx_word' id='word_1_43' title='bbox 1580 534 1764 591; x_wconf 66' lang='lat' dir='ltr'>lycopgj-</span> 
     </span>
     <span class='ocr_line' id='line_1_7' title="bbox 67 584 964 644; baseline -0.001 -14"><span class='ocrx_word' id='word_1_44' title='bbox 67 587 236 644; x_wconf 78' lang='lat' dir='ltr'>formis</span> <span class='ocrx_word' id='word_1_45' title='bbox 259 585 301 629; x_wconf 89' lang='lat' dir='ltr'>C.</span> <span class='ocrx_word' id='word_1_46' title='bbox 326 586 442 628; x_wconf 87' lang='lat' dir='ltr'>Koch</span> <span class='ocrx_word' id='word_1_47' title='bbox 472 585 590 627; x_wconf 88' lang='lat' dir='ltr'>Linn.</span> <span class='ocrx_word' id='word_1_48' title='bbox 620 584 757 629; x_wconf 74' lang='lat' dir='ltr'>XXII.</span> <span class='ocrx_word' id='word_1_49' title='bbox 789 600 811 639; x_wconf 90' lang='lat' dir='ltr'>p</span> <span class='ocrx_word' id='word_1_50' title='bbox 855 587 964 629; x_wconf 70' lang='lat'><strong>692!</strong></span> 
     </span>
    </p>

    <p class='ocr_par' dir='ltr' id='par_1_3' title="bbox 76 660 1764 990">
     <span class='ocr_line' id='line_1_8' title="bbox 126 660 1755 714; baseline 0.004 -15"><span class='ocrx_word' id='word_1_51' title='bbox 126 662 212 699; x_wconf 87' lang='lat' dir='ltr'>Hab</span> <span class='ocrx_word' id='word_1_52' title='bbox 244 662 284 697; x_wconf 91' lang='lat' dir='ltr'>in</span> <span class='ocrx_word' id='word_1_53' title='bbox 303 660 478 698; x_wconf 78' lang='lat' dir='ltr'>dumosis</span> <span class='ocrx_word' id='word_1_54' title='bbox 498 660 671 696; x_wconf 83' lang='lat' dir='ltr'><strong>humidis</strong></span> <span class='ocrx_word' id='word_1_55' title='bbox 689 663 727 696; x_wconf 90' lang='lat' dir='ltr'>et</span> <span class='ocrx_word' id='word_1_56' title='bbox 745 661 794 696; x_wconf 81' lang='lat' dir='ltr'>ad</span> <span class='ocrx_word' id='word_1_57' title='bbox 815 662 940 697; x_wconf 78' lang='lat' dir='ltr'>fossas</span> <span class='ocrx_word' id='word_1_58' title='bbox 959 665 997 698; x_wconf 85' lang='lat' dir='ltr'>et</span> <span class='ocrx_word' id='word_1_59' title='bbox 1016 663 1176 706; x_wconf 78' lang='lat' dir='ltr'><strong>rivulos,</strong></span> <span class='ocrx_word' id='word_1_60' title='bbox 1204 663 1324 708; x_wconf 82' lang='lat' dir='ltr'>Lycia</span> <span class='ocrx_word' id='word_1_61' title='bbox 1342 664 1391 700; x_wconf 82' lang='lat' dir='ltr'>ad</span> <span class='ocrx_word' id='word_1_62' title='bbox 1414 665 1569 702; x_wconf 87' lang='lat' dir='ltr'>Elmalu</span> <span class='ocrx_word' id='word_1_63' title='bbox 1590 669 1755 714; x_wconf 74' lang='lat' dir='ltr'>(Bourg.</span> 
     </span>
     <span class='ocr_line' id='line_1_9' title="bbox 78 707 1759 763; baseline 0.002 -15"><span class='ocrx_word' id='word_1_64' title='bbox 78 711 191 755; x_wconf 73' lang='lat' dir='ltr'>22tll),</span> <span class='ocrx_word' id='word_1_65' title='bbox 204 708 451 755; x_wconf 82' lang='lat' dir='ltr'>Cappadocia</span> <span class='ocrx_word' id='word_1_66' title='bbox 466 707 516 743; x_wconf 85' lang='lat' dir='ltr'>ad</span> <span class='ocrx_word' id='word_1_67' title='bbox 534 708 753 761; x_wconf 48' lang='grc' dir='ltr'>(ζῴεαι-εηη]</span> <span class='ocrx_word' id='word_1_68' title='bbox 770 708 897 751; x_wconf 83' lang='lat' dir='ltr'>(Wied</span> <span class='ocrx_word' id='word_1_69' title='bbox 911 711 949 755; x_wconf 74' lang='lat' dir='ltr'>t),</span> <span class='ocrx_word' id='word_1_70' title='bbox 969 711 1154 745; x_wconf 84' lang='lat' dir='ltr'>Armenia</span> <span class='ocrx_word' id='word_1_71' title='bbox 1171 711 1330 746; x_wconf 66' lang='lat' dir='ltr'>Tun-ica</span> <span class='ocrx_word' id='word_1_72' title='bbox 1347 711 1395 746; x_wconf 84' lang='lat' dir='ltr'>ad</span> <span class='ocrx_word' id='word_1_73' title='bbox 1416 712 1556 748; x_wconf 72' lang='lat' dir='ltr'>Baibut</span> <span class='ocrx_word' id='word_1_74' title='bbox 1574 715 1759 763; x_wconf 63' lang='lat' dir='ltr'>(Bourgl)</span> 
     </span>
     <span class='ocr_line' id='line_1_10' title="bbox 76 754 1763 807; baseline 0.002 -15"><span class='ocrx_word' id='word_1_75' title='bbox 76 762 112 796; x_wconf 77' lang='lat' dir='ltr'>et</span> <span class='ocrx_word' id='word_1_76' title='bbox 132 757 311 792; x_wconf 82' lang='lat' dir='ltr'>Erzerum</span> <span class='ocrx_word' id='word_1_77' title='bbox 331 755 498 801; x_wconf 79' lang='lat' dir='ltr'>(Calvi).</span> <span class='ocrx_word' id='word_1_78' title='bbox 528 754 622 790; x_wconf 78' lang='lat' dir='ltr'>diuo</span> <span class='ocrx_word' id='word_1_79' title='bbox 641 755 968 791; x_wconf 77' lang='lat' dir='ltr'>Transcaucasica</span> <span class='ocrx_word' id='word_1_80' title='bbox 986 756 1156 803; x_wconf 84' lang='lat' dir='ltr'>Talysch</span> <span class='ocrx_word' id='word_1_81' title='bbox 1183 757 1232 801; x_wconf 84' lang='lat' dir='ltr'>(C</span> <span class='ocrx_word' id='word_1_82' title='bbox 1259 759 1308 793; x_wconf 83' lang='lat' dir='ltr'>A.</span> <span class='ocrx_word' id='word_1_83' title='bbox 1335 759 1442 804; x_wconf 74' lang='lat' dir='ltr'>Meyl</span> <span class='ocrx_word' id='word_1_84' title='bbox 1461 760 1600 807; x_wconf 83' lang='lat' dir='ltr'>Hoh!)‚</span> <span class='ocrx_word' id='word_1_85' title='bbox 1633 763 1763 800; x_wconf 83' lang='lat' dir='ltr'>Persia</span> 
     </span>
     <span class='ocr_line' id='line_1_11' title="bbox 78 800 1757 855; baseline 0.002 -13"><span class='ocrx_word' id='word_1_86' title='bbox 78 803 242 842; x_wconf 84' lang='lat' dir='ltr'>borealis</span> <span class='ocrx_word' id='word_1_87' title='bbox 271 804 309 838; x_wconf 93' lang='lat' dir='ltr'>in</span> <span class='ocrx_word' id='word_1_88' title='bbox 340 804 471 839; x_wconf 88' lang='lat' dir='ltr'>monte</span> <span class='ocrx_word' id='word_1_89' title='bbox 493 800 636 837; x_wconf 81' lang='lat' dir='ltr'>Elbrus</span> <span class='ocrx_word' id='word_1_90' title='bbox 658 801 842 848; x_wconf 80' lang='lat' dir='ltr'>(Buhsel)</span> <span class='ocrx_word' id='word_1_91' title='bbox 876 806 913 838; x_wconf 91' lang='lat' dir='ltr'>et</span> <span class='ocrx_word' id='word_1_92' title='bbox 937 813 1056 850; x_wconf 81' lang='lat' dir='ltr'>prope</span> <span class='ocrx_word' id='word_1_93' title='bbox 1083 804 1264 840; x_wconf 85' lang='lat' dir='ltr'>Derbend</span> <span class='ocrx_word' id='word_1_94' title='bbox 1289 805 1384 849; x_wconf 59' lang='grc' dir='ltr'>(ΚΥ.</span> <span class='ocrx_word' id='word_1_95' title='bbox 1423 806 1541 852; x_wconf 70' lang='lat'>4031),</span> <span class='ocrx_word' id='word_1_96' title='bbox 1576 810 1612 843; x_wconf 91' lang='lat' dir='ltr'>in</span> <span class='ocrx_word' id='word_1_97' title='bbox 1644 820 1757 855; x_wconf 90' lang='lat' dir='ltr'>prov.</span> 
     </span>
     <span class='ocr_line' id='line_1_12' title="bbox 76 848 1763 899; baseline 0.002 -11"><span class='ocrx_word' id='word_1_98' title='bbox 76 851 297 888; x_wconf 82' lang='lat' dir='ltr'>Khorassan</span> <span class='ocrx_word' id='word_1_99' title='bbox 316 850 465 895; x_wconf 78' lang='lat' dir='ltr'>(Egel).</span> <span class='ocrx_word' id='word_1_100' title='bbox 487 858 607 895; x_wconf 80' lang='lat' dir='ltr'>prope</span> <span class='ocrx_word' id='word_1_101' title='bbox 627 848 918 885; x_wconf 83' lang='lat' dir='ltr'>Kermanscbah</span> <span class='ocrx_word' id='word_1_102' title='bbox 938 852 975 885; x_wconf 83' lang='lat' dir='ltr'>et</span> <span class='ocrx_word' id='word_1_103' title='bbox 991 851 1196 886; x_wconf 83' lang='lat' dir='ltr'>Hamadan</span> <span class='ocrx_word' id='word_1_104' title='bbox 1215 852 1319 888; x_wconf 70' lang='lat'>5000&#39;</span> <span class='ocrx_word' id='word_1_105' title='bbox 1339 852 1568 899; x_wconf 79' lang='lat' dir='ltr'>(Hausskl).</span> <span class='ocrx_word' id='word_1_106' title='bbox 1593 856 1632 890; x_wconf 89' lang='lat' dir='ltr'>in</span> <span class='ocrx_word' id='word_1_107' title='bbox 1653 866 1763 892; x_wconf 90' lang='lat' dir='ltr'>mon-</span> 
     </span>
     <span class='ocr_line' id='line_1_13' title="bbox 76 895 1764 947; baseline 0.001 -11"><span class='ocrx_word' id='word_1_108' title='bbox 76 898 176 936; x_wconf 80' lang='lat' dir='ltr'>tibus</span> <span class='ocrx_word' id='word_1_109' title='bbox 194 896 360 937; x_wconf 56' lang='lat' dir='ltr'>Sawers,</span> <span class='ocrx_word' id='word_1_110' title='bbox 378 895 552 932; x_wconf 69' lang='lat' dir='ltr'>Eschker</span> <span class='ocrx_word' id='word_1_111' title='bbox 569 895 672 931; x_wconf 82' lang='lat'><strong>8000·</strong></span> <span class='ocrx_word' id='word_1_112' title='bbox 693 896 917 942; x_wconf 42' lang='lat' dir='ltr'>(Hans-sim,</span> <span class='ocrx_word' id='word_1_113' title='bbox 935 897 1024 933; x_wconf 86' lang='lat' dir='ltr'>Kuh</span> <span class='ocrx_word' id='word_1_114' title='bbox 1045 898 1179 934; x_wconf 75' lang='lat' dir='ltr'>Daena</span> <span class='ocrx_word' id='word_1_115' title='bbox 1198 902 1235 934; x_wconf 90' lang='lat' dir='ltr'>et</span> <span class='ocrx_word' id='word_1_116' title='bbox 1254 909 1372 946; x_wconf 84' lang='lat' dir='ltr'>prope</span> <span class='ocrx_word' id='word_1_117' title='bbox 1390 900 1544 936; x_wconf 82' lang='lat' dir='ltr'>Schiraz</span> <span class='ocrx_word' id='word_1_118' title='bbox 1565 902 1657 947; x_wconf 63' lang='grc' dir='ltr'><strong>(ΚΥ.</strong></span> <span class='ocrx_word' id='word_1_119' title='bbox 1673 905 1764 941; x_wconf 73' lang='lat'>5721</span> 
     </span>
     <span class='ocr_line' id='line_1_14' title="bbox 76 942 898 990; baseline -0.006 -7"><span class='ocrx_word' id='word_1_120' title='bbox 76 944 193 983; x_wconf 77' lang='lat' dir='ltr'>Aueh.</span> <span class='ocrx_word' id='word_1_121' title='bbox 212 944 354 989; x_wconf 78' lang='lat'>51771)‚</span> <span class='ocrx_word' id='word_1_122' title='bbox 381 954 500 990; x_wconf 78' lang='lat' dir='ltr'>regno</span> <span class='ocrx_word' id='word_1_123' title='bbox 518 942 706 978; x_wconf 81' lang='lat' dir='ltr'>Cabulico</span> <span class='ocrx_word' id='word_1_124' title='bbox 727 943 898 989; x_wconf 74' lang='lat' dir='ltr'>(Griffi).</span> 
     </span>
    </p>
   </div>
   <div class='ocr_carea' id='block_1_3' title="bbox 72 1039 1765 1510">
    <p class='ocr_par' dir='ltr' id='par_1_4' title="bbox 72 1039 1765 1510">
     <span class='ocr_line' id='line_1_15' title="bbox 132 1039 1764 1099; baseline 0.002 -14"><span class='ocrx_word' id='word_1_125' title='bbox 132 1044 155 1085; x_wconf 64' lang='lat' dir='ltr'><strong><em>Q</em></strong></span> <span class='ocrx_word' id='word_1_126' title='bbox 170 1044 197 1083; x_wconf 91' lang='lat' dir='ltr'>l.</span> <span class='ocrx_word' id='word_1_127' title='bbox 235 1040 283 1084; x_wconf 88' lang='lat' dir='ltr'>S.</span> <span class='ocrx_word' id='word_1_128' title='bbox 309 1039 722 1096; x_wconf 69' lang='lat' dir='ltr'>longespicata</span> <span class='ocrx_word' id='word_1_129' title='bbox 743 1041 897 1086; x_wconf 82' lang='lat' dir='ltr'>&lt;Boiss.</span> <span class='ocrx_word' id='word_1_130' title='bbox 916 1045 959 1085; x_wconf 82' lang='lat' dir='ltr'>et</span> <span class='ocrx_word' id='word_1_131' title='bbox 980 1043 1059 1096; x_wconf 85' lang='lat' dir='ltr'>Ky.</span> <span class='ocrx_word' id='word_1_132' title='bbox 1078 1055 1167 1085; x_wconf 74' lang='lat' dir='ltr'>exs</span> <span class='ocrx_word' id='word_1_133' title='bbox 1201 1043 1331 1099; x_wconf 71' lang='lat'>1859)</span> <span class='ocrx_word' id='word_1_134' title='bbox 1352 1046 1556 1098; x_wconf 88' lang='lat' dir='ltr'>perennis</span> <span class='ocrx_word' id='word_1_135' title='bbox 1577 1047 1764 1090; x_wconf 86' lang='lat' dir='ltr'>molliter</span> 
     </span>
     <span class='ocr_line' id='line_1_16' title="bbox 76 1100 1763 1158; baseline 0.002 -13"><span class='ocrx_word' id='word_1_136' title='bbox 76 1105 313 1145; x_wconf 84' lang='lat' dir='ltr'>tomentosa</span> <span class='ocrx_word' id='word_1_137' title='bbox 349 1111 595 1149; x_wconf 77' lang='lat' dir='ltr'>canescens,</span> <span class='ocrx_word' id='word_1_138' title='bbox 630 1100 825 1143; x_wconf 83' lang='lat' dir='ltr'>caulibus</span> <span class='ocrx_word' id='word_1_139' title='bbox 858 1102 1013 1143; x_wconf 80' lang='lat' dir='ltr'>erectis</span> <span class='ocrx_word' id='word_1_140' title='bbox 1044 1102 1165 1144; x_wconf 88' lang='lat' dir='ltr'>elatis</span> <span class='ocrx_word' id='word_1_141' title='bbox 1198 1102 1405 1146; x_wconf 84' lang='lat' dir='ltr'>flexuosis</span> <span class='ocrx_word' id='word_1_142' title='bbox 1445 1105 1763 1158; x_wconf 70' lang='lat' dir='ltr'>ramosissimis,</span> 
     </span>
     <span class='ocr_line' id='line_1_17' title="bbox 74 1157 1758 1217; baseline 0.002 -14"><span class='ocrx_word' id='word_1_143' title='bbox 74 1159 388 1203; x_wconf 82' lang='lat' dir='ltr'>verticillaslris</span> <span class='ocrx_word' id='word_1_144' title='bbox 425 1163 583 1211; x_wconf 80' lang='lat' dir='ltr'>praeter</span> <span class='ocrx_word' id='word_1_145' title='bbox 618 1158 817 1202; x_wconf 77' lang='lat' dir='ltr'>inferiora</span> <span class='ocrx_word' id='word_1_146' title='bbox 852 1157 1111 1204; x_wconf 67' lang='lat' dir='ltr'>1-e-remota</span> <span class='ocrx_word' id='word_1_147' title='bbox 1146 1161 1279 1204; x_wconf 86' lang='lat' dir='ltr'>dense</span> <span class='ocrx_word' id='word_1_148' title='bbox 1317 1164 1530 1214; x_wconf 79' lang='lat' dir='ltr'>congestis</span> <span class='ocrx_word' id='word_1_149' title='bbox 1570 1164 1758 1217; x_wconf 82' lang='lat' dir='ltr'>spicatis,</span> 
     </span>
     <span class='ocr_line' id='line_1_18' title="bbox 74 1217 1765 1274; baseline 0.001 -12"><span class='ocrx_word' id='word_1_150' title='bbox 74 1219 182 1262; x_wconf 81' lang='lat' dir='ltr'>soliis</span> <span class='ocrx_word' id='word_1_151' title='bbox 207 1217 755 1261; x_wconf 76' lang='lat' dir='ltr'>ascendenti-(lenticulatis</span> <span class='ocrx_word' id='word_1_152' title='bbox 790 1217 983 1271; x_wconf 82' lang='lat' dir='ltr'>oblongis</span> <span class='ocrx_word' id='word_1_153' title='bbox 1010 1219 1287 1262; x_wconf 83' lang='lat' dir='ltr'>inferioribus</span> <span class='ocrx_word' id='word_1_154' title='bbox 1323 1221 1536 1274; x_wconf 82' lang='lat' dir='ltr'>petiolatis</span> <span class='ocrx_word' id='word_1_155' title='bbox 1563 1223 1765 1269; x_wconf 80' lang='lat' dir='ltr'>cordatis.</span> 
     </span>
     <span class='ocr_line' id='line_1_19' title="bbox 76 1276 1765 1334; baseline 0.002 -13"><span class='ocrx_word' id='word_1_156' title='bbox 76 1277 296 1321; x_wconf 81' lang='lat' dir='ltr'>floralibus</span> <span class='ocrx_word' id='word_1_157' title='bbox 325 1276 850 1330; x_wconf 79' lang='lat' dir='ltr'>triangulari-lanceolalis</span> <span class='ocrx_word' id='word_1_158' title='bbox 879 1277 1059 1331; x_wconf 82' lang='lat' dir='ltr'>integris</span> <span class='ocrx_word' id='word_1_159' title='bbox 1085 1278 1364 1322; x_wconf 83' lang='lat' dir='ltr'>inferioribus</span> <span class='ocrx_word' id='word_1_160' title='bbox 1392 1279 1524 1322; x_wconf 84' lang='lat' dir='ltr'>flores</span> <span class='ocrx_word' id='word_1_161' title='bbox 1553 1293 1765 1334; x_wconf 84' lang='lat' dir='ltr'>superan-</span> 
     </span>
     <span class='ocr_line' id='line_1_20' title="bbox 73 1335 1763 1394; baseline 0.002 -14"><span class='ocrx_word' id='word_1_162' title='bbox 73 1337 204 1388; x_wconf 79' lang='lat' dir='ltr'>tibus,</span> <span class='ocrx_word' id='word_1_163' title='bbox 251 1335 434 1378; x_wconf 78' lang='lat' dir='ltr'>bracteis</span> <span class='ocrx_word' id='word_1_164' title='bbox 477 1335 703 1385; x_wconf 67' lang='lat' dir='ltr'>simulatis,</span> <span class='ocrx_word' id='word_1_165' title='bbox 740 1335 921 1378; x_wconf 81' lang='lat' dir='ltr'>floribus</span> <span class='ocrx_word' id='word_1_166' title='bbox 959 1338 1123 1391; x_wconf 82' lang='lat' dir='ltr'>parvis,</span> <span class='ocrx_word' id='word_1_167' title='bbox 1164 1338 1319 1392; x_wconf 84' lang='lat' dir='ltr'>calycis</span> <span class='ocrx_word' id='word_1_168' title='bbox 1355 1339 1763 1394; x_wconf 69' lang='lat' dir='ltr'>albo-bispitlissinii</span> 
     </span>
     <span class='ocr_line' id='line_1_21' title="bbox 74 1394 1764 1449; baseline 0.003 -11"><span class='ocrx_word' id='word_1_169' title='bbox 74 1395 173 1438; x_wconf 83' lang='lat' dir='ltr'>recti</span> <span class='ocrx_word' id='word_1_170' title='bbox 213 1395 415 1438; x_wconf 82' lang='lat' dir='ltr'>dentibus</span> <span class='ocrx_word' id='word_1_171' title='bbox 441 1408 462 1437; x_wconf 84' lang='lat' dir='ltr'>a</span> <span class='ocrx_word' id='word_1_172' title='bbox 499 1394 589 1437; x_wconf 82' lang='lat' dir='ltr'>basi</span> <span class='ocrx_word' id='word_1_173' title='bbox 627 1395 862 1437; x_wconf 74' lang='lat' dir='ltr'>lanceolata</span> <span class='ocrx_word' id='word_1_174' title='bbox 890 1394 1013 1448; x_wconf 83' lang='lat' dir='ltr'>longe</span> <span class='ocrx_word' id='word_1_175' title='bbox 1043 1395 1524 1449; x_wconf 82' lang='lat' dir='ltr'>spinuloso·attenuatis</span> <span class='ocrx_word' id='word_1_176' title='bbox 1563 1400 1668 1442; x_wconf 82' lang='lat' dir='ltr'>tubo</span> <span class='ocrx_word' id='word_1_177' title='bbox 1694 1400 1764 1444; x_wconf 80' lang='lat' dir='ltr'>vix</span> 
     </span>
     <span class='ocr_line' id='line_1_22' title="bbox 72 1453 1674 1510; baseline 0.002 -13"><span class='ocrx_word' id='word_1_178' title='bbox 72 1455 360 1502; x_wconf 71' lang='lat' dir='ltr'>brevioribus.</span> <span class='ocrx_word' id='word_1_179' title='bbox 385 1453 556 1496; x_wconf 81' lang='lat' dir='ltr'>corollae</span> <span class='ocrx_word' id='word_1_180' title='bbox 583 1465 720 1496; x_wconf 79' lang='lat' dir='ltr'>roseae</span> <span class='ocrx_word' id='word_1_181' title='bbox 740 1456 867 1497; x_wconf 84' lang='lat' dir='ltr'>extus</span> <span class='ocrx_word' id='word_1_182' title='bbox 890 1454 1016 1496; x_wconf 56' lang='lat' dir='ltr'>hirtae</span> <span class='ocrx_word' id='word_1_183' title='bbox 1041 1455 1150 1497; x_wconf 89' lang='lat' dir='ltr'>labio</span> <span class='ocrx_word' id='word_1_184' title='bbox 1176 1457 1403 1510; x_wconf 80' lang='lat' dir='ltr'>superiore</span> <span class='ocrx_word' id='word_1_185' title='bbox 1428 1460 1577 1500; x_wconf 83' lang='lat' dir='ltr'>retuso</span> <span class='ocrx_word' id='word_1_186' title='bbox 1615 1464 1674 1504; x_wconf 67' lang='lat'>26.</span> 
     </span>
    </p>
   </div>
   <div class='ocr_carea' id='block_1_4' title="bbox 72 1526 1766 1669">
    <p class='ocr_par' dir='ltr' id='par_1_5' title="bbox 72 1526 1766 1669">
     <span class='ocr_line' id='line_1_23' title="bbox 118 1526 1765 1577; baseline 0.002 -14"><span class='ocrx_word' id='word_1_187' title='bbox 118 1527 218 1564; x_wconf 90' lang='lat' dir='ltr'>Hab.</span> <span class='ocrx_word' id='word_1_188' title='bbox 240 1529 278 1563; x_wconf 88' lang='lat' dir='ltr'>in</span> <span class='ocrx_word' id='word_1_189' title='bbox 299 1527 477 1563; x_wconf 74' lang='lat' dir='ltr'>dumosis</span> <span class='ocrx_word' id='word_1_190' title='bbox 504 1537 614 1562; x_wconf 69' lang='lat' dir='ltr'>secus</span> <span class='ocrx_word' id='word_1_191' title='bbox 638 1527 803 1562; x_wconf 79' lang='lat' dir='ltr'>fluvium</span> <span class='ocrx_word' id='word_1_192' title='bbox 834 1526 942 1562; x_wconf 75' lang='lat' dir='ltr'>Aksu</span> <span class='ocrx_word' id='word_1_193' title='bbox 973 1538 1091 1575; x_wconf 85' lang='lat' dir='ltr'>prope</span> <span class='ocrx_word' id='word_1_194' title='bbox 1119 1529 1297 1565; x_wconf 82' lang='lat' dir='ltr'>Marasch</span> <span class='ocrx_word' id='word_1_195' title='bbox 1321 1529 1519 1566; x_wconf 74' lang='lat' dir='ltr'>Cataoniae</span> <span class='ocrx_word' id='word_1_196' title='bbox 1539 1531 1765 1577; x_wconf 78' lang='lat' dir='ltr'>(Hausskt),</span> 
     </span>
     <span class='ocr_line' id='line_1_24' title="bbox 74 1573 1766 1623; baseline 0.003 -13"><span class='ocrx_word' id='word_1_197' title='bbox 74 1575 170 1611; x_wconf 87' lang='lat' dir='ltr'>inter</span> <span class='ocrx_word' id='word_1_198' title='bbox 196 1574 323 1610; x_wconf 67' lang='lat' dir='ltr'>Noreb</span> <span class='ocrx_word' id='word_1_199' title='bbox 342 1577 379 1610; x_wconf 93' lang='lat' dir='ltr'>et</span> <span class='ocrx_word' id='word_1_200' title='bbox 396 1576 536 1620; x_wconf 67' lang='lat' dir='ltr'>Angag</span> <span class='ocrx_word' id='word_1_201' title='bbox 556 1584 666 1620; x_wconf 91' lang='lat' dir='ltr'>prov.</span> <span class='ocrx_word' id='word_1_202' title='bbox 691 1573 842 1619; x_wconf 74' lang='lat' dir='ltr'>Boglan</span> <span class='ocrx_word' id='word_1_203' title='bbox 868 1575 1065 1611; x_wconf 80' lang='lat' dir='ltr'>Armeniae</span> <span class='ocrx_word' id='word_1_204' title='bbox 1093 1576 1276 1612; x_wconf 84' lang='lat' dir='ltr'>australis</span> <span class='ocrx_word' id='word_1_205' title='bbox 1303 1576 1400 1623; x_wconf 82' lang='lat' dir='ltr'>(Ky.</span> <span class='ocrx_word' id='word_1_206' title='bbox 1426 1578 1547 1623; x_wconf 66' lang='lat'>4291),</span> <span class='ocrx_word' id='word_1_207' title='bbox 1575 1579 1615 1614; x_wconf 90' lang='lat' dir='ltr'>in</span> <span class='ocrx_word' id='word_1_208' title='bbox 1643 1579 1766 1615; x_wconf 88' lang='lat' dir='ltr'>Coele-</span> 
     </span>
     <span class='ocr_line' id='line_1_25' title="bbox 72 1620 947 1669; baseline -0.002 -11"><span class='ocrx_word' id='word_1_209' title='bbox 72 1623 174 1669; x_wconf 75' lang='lat' dir='ltr'>syria</span> <span class='ocrx_word' id='word_1_210' title='bbox 194 1623 294 1658; x_wconf 84' lang='lat' dir='ltr'>inter</span> <span class='ocrx_word' id='word_1_211' title='bbox 313 1620 454 1657; x_wconf 76' lang='lat' dir='ltr'>Zachle</span> <span class='ocrx_word' id='word_1_212' title='bbox 473 1624 510 1657; x_wconf 86' lang='lat' dir='ltr'>et</span> <span class='ocrx_word' id='word_1_213' title='bbox 524 1621 696 1657; x_wconf 83' lang='lat' dir='ltr'>Balbeck</span> <span class='ocrx_word' id='word_1_214' title='bbox 715 1621 947 1667; x_wconf 82' lang='lat' dir='ltr'>(Ehrenbl).</span> 
     </span>
    </p>
   </div>
   <div class='ocr_carea' id='block_1_5' title="bbox 69 1684 1764 1863">
    <p class='ocr_par' dir='ltr' id='par_1_6' title="bbox 69 1684 1764 1863">
     <span class='ocr_line' id='line_1_26' title="bbox 119 1684 1764 1734; baseline 0.002 -13"><span class='ocrx_word' id='word_1_215' title='bbox 119 1684 396 1732; x_wconf 63' lang='lat' dir='ltr'>{zi-tripedalis,</span> <span class='ocrx_word' id='word_1_216' title='bbox 421 1685 535 1720; x_wconf 86' lang='lat' dir='ltr'>flores</span> <span class='ocrx_word' id='word_1_217' title='bbox 558 1685 669 1731; x_wconf 78' lang='lat' dir='ltr'>parvi</span> <span class='ocrx_word' id='word_1_218' title='bbox 689 1688 727 1720; x_wconf 90' lang='lat' dir='ltr'>et</span> <span class='ocrx_word' id='word_1_219' title='bbox 747 1684 1033 1721; x_wconf 73' lang='lat' dir='ltr'>inflorescentia</span> <span class='ocrx_word' id='word_1_220' title='bbox 1051 1686 1092 1721; x_wconf 90' lang='lat' dir='ltr'>in</span> <span class='ocrx_word' id='word_1_221' title='bbox 1113 1687 1241 1734; x_wconf 80' lang='lat' dir='ltr'>spicas</span> <span class='ocrx_word' id='word_1_222' title='bbox 1259 1687 1519 1724; x_wconf 74' lang='lat' dir='ltr'>condensatas</span> <span class='ocrx_word' id='word_1_223' title='bbox 1541 1688 1578 1726; x_wconf 89' lang='lat' dir='ltr'>S.</span> <span class='ocrx_word' id='word_1_224' title='bbox 1598 1690 1764 1725; x_wconf 70' lang='lat' dir='ltr'>vz&#39;tiez&#39;nm</span> 
     </span>
     <span class='ocr_line' id='line_1_27' title="bbox 69 1731 1764 1780; baseline 0.003 -12"><span class='ocrx_word' id='word_1_225' title='bbox 69 1731 250 1769; x_wconf 84' lang='lat' dir='ltr'>dentibus</span> <span class='ocrx_word' id='word_1_226' title='bbox 273 1732 461 1768; x_wconf 83' lang='lat' dir='ltr'>brevibus</span> <span class='ocrx_word' id='word_1_227' title='bbox 483 1733 637 1767; x_wconf 85' lang='lat' dir='ltr'>muticis</span> <span class='ocrx_word' id='word_1_228' title='bbox 665 1732 809 1777; x_wconf 80' lang='lat' dir='ltr'>calycis</span> <span class='ocrx_word' id='word_1_229' title='bbox 826 1731 1134 1769; x_wconf 83' lang='lat' dir='ltr'>distinctissimae</span> <span class='ocrx_word' id='word_1_230' title='bbox 1150 1747 1159 1778; x_wconf 86' lang='grc'><strong>;</strong></span> <span class='ocrx_word' id='word_1_231' title='bbox 1177 1744 1200 1769; x_wconf 86' lang='lat' dir='ltr'>a</span> <span class='ocrx_word' id='word_1_232' title='bbox 1223 1733 1260 1771; x_wconf 92' lang='lat' dir='ltr'>S.</span> <span class='ocrx_word' id='word_1_233' title='bbox 1288 1733 1450 1780; x_wconf 68' lang='grc' dir='ltr'>εειιΐενᾶ</span> <span class='ocrx_word' id='word_1_234' title='bbox 1469 1735 1572 1771; x_wconf 88' lang='lat' dir='ltr'>foliis</span> <span class='ocrx_word' id='word_1_235' title='bbox 1598 1737 1764 1773; x_wconf 83' lang='lat' dir='ltr'>cordatis</span> 
     </span>
     <span class='ocr_line' id='line_1_28' title="bbox 72 1779 1764 1863; baseline 0.002 -48"><span class='ocrx_word' id='word_1_236' title='bbox 72 1781 225 1863; x_wconf 47' lang='lat' dir='ltr'>rumicis</span> <span class='ocrx_word' id='word_1_237' title='bbox 244 1779 452 1827; x_wconf 58' lang='lat' dir='ltr'>peneleus,</span> <span class='ocrx_word' id='word_1_238' title='bbox 472 1779 754 1816; x_wconf 71' lang='lat' dir='ltr'>verticillastris</span> <span class='ocrx_word' id='word_1_239' title='bbox 775 1789 852 1815; x_wconf 90' lang='lat' dir='ltr'>non</span> <span class='ocrx_word' id='word_1_240' title='bbox 871 1779 1121 1823; x_wconf 84' lang='lat' dir='ltr'>distantibus,</span> <span class='ocrx_word' id='word_1_241' title='bbox 1151 1781 1296 1828; x_wconf 82' lang='lat' dir='ltr'>calycis</span> <span class='ocrx_word' id='word_1_242' title='bbox 1315 1782 1499 1818; x_wconf 81' lang='lat' dir='ltr'>dentibus</span> <span class='ocrx_word' id='word_1_243' title='bbox 1519 1785 1643 1823; x_wconf 81' lang='lat' dir='ltr'>rectis,</span> <span class='ocrx_word' id='word_1_244' title='bbox 1673 1787 1764 1828; x_wconf 86' lang='lat' dir='ltr'>etc.‚</span> 
     </span>
     <span class='ocr_line' id='line_1_29' title="bbox 71 1837 213 1863; baseline -0.014 0"><span class='ocrx_word' id='word_1_245' title='bbox 71 1837 93 1863; x_wconf 86' lang='lat' dir='ltr'>a</span> <span class='ocrx_word' id='word_1_246' title='bbox 111 1838 213 1863; x_wconf 76' lang='lat' dir='ltr'>lena.</span> 
     </span>
    </p>
   </div>
   <div class='ocr_carea' id='block_1_6' title="bbox 70 1923 1764 2643">
    <p class='ocr_par' dir='ltr' id='par_1_7' title="bbox 70 1923 1764 2570">
     <span class='ocr_line' id='line_1_30' title="bbox 130 1923 1762 1983; baseline 0.002 -16"><span class='ocrx_word' id='word_1_247' title='bbox 130 1926 196 1967; x_wconf 73' lang='lat'>22.</span> <span class='ocrx_word' id='word_1_248' title='bbox 232 1925 281 1968; x_wconf 90' lang='lat' dir='ltr'>S.</span> <span class='ocrx_word' id='word_1_249' title='bbox 307 1935 480 1968; x_wconf 85' lang='lat' dir='ltr'>rosea</span> <span class='ocrx_word' id='word_1_250' title='bbox 497 1924 637 1980; x_wconf 86' lang='lat' dir='ltr'>(Desf.</span> <span class='ocrx_word' id='word_1_251' title='bbox 661 1923 819 1967; x_wconf 88' lang='lat' dir='ltr'>Coroll.</span> <span class='ocrx_word' id='word_1_252' title='bbox 838 1925 998 1968; x_wconf 91' lang='lat' dir='ltr'>Tourn.</span> <span class='ocrx_word' id='word_1_253' title='bbox 1018 1939 1108 1980; x_wconf 83' lang='lat' dir='ltr'>pag.</span> <span class='ocrx_word' id='word_1_254' title='bbox 1129 1924 1200 1977; x_wconf 75' lang='lat'>020,</span> <span class='ocrx_word' id='word_1_255' title='bbox 1222 1927 1306 1970; x_wconf 81' lang='lat' dir='ltr'>lab.</span> <span class='ocrx_word' id='word_1_256' title='bbox 1329 1926 1492 1978; x_wconf 76' lang='lat' dir='ltr'>13‚sub</span> <span class='ocrx_word' id='word_1_257' title='bbox 1511 1927 1762 1983; x_wconf 74' lang='lat' dir='ltr'>Sideritide)</span> 
     </span>
     <span class='ocr_line' id='line_1_31' title="bbox 74 1984 1764 2039; baseline 0.001 -12"><span class='ocrx_word' id='word_1_258' title='bbox 74 1985 214 2039; x_wconf 81' lang='lat' dir='ltr'>patule</span> <span class='ocrx_word' id='word_1_259' title='bbox 245 1984 461 2038; x_wconf 78' lang='lat' dir='ltr'>liispidula</span> <span class='ocrx_word' id='word_1_260' title='bbox 486 1986 676 2027; x_wconf 79' lang='lat' dir='ltr'>siccitate</span> <span class='ocrx_word' id='word_1_261' title='bbox 706 1984 966 2037; x_wconf 63' lang='lat' dir='ltr'>nigrescens</span> <span class='ocrx_word' id='word_1_262' title='bbox 994 1986 1190 2028; x_wconf 87' lang='lat' dir='ltr'>caulibus</span> <span class='ocrx_word' id='word_1_263' title='bbox 1218 1987 1373 2028; x_wconf 84' lang='lat' dir='ltr'>erectis</span> <span class='ocrx_word' id='word_1_264' title='bbox 1401 1988 1463 2030; x_wconf 80' lang='lat' dir='ltr'>vel</span> <span class='ocrx_word' id='word_1_265' title='bbox 1493 1988 1764 2030; x_wconf 84' lang='lat' dir='ltr'>ascendenti-</span> 
     </span>
     <span class='ocr_line' id='line_1_32' title="bbox 72 2043 1761 2100; baseline 0.002 -13"><span class='ocrx_word' id='word_1_266' title='bbox 72 2043 149 2087; x_wconf 82' lang='lat' dir='ltr'>bus</span> <span class='ocrx_word' id='word_1_267' title='bbox 184 2043 448 2086; x_wconf 78' lang='lat' dir='ltr'>abbreviatis</span> <span class='ocrx_word' id='word_1_268' title='bbox 490 2043 673 2086; x_wconf 83' lang='lat' dir='ltr'>ramosis</span> <span class='ocrx_word' id='word_1_269' title='bbox 713 2044 904 2096; x_wconf 82' lang='lat' dir='ltr'>virgatis,</span> <span class='ocrx_word' id='word_1_270' title='bbox 940 2044 1050 2086; x_wconf 89' lang='lat' dir='ltr'>foliis</span> <span class='ocrx_word' id='word_1_271' title='bbox 1089 2044 1318 2088; x_wconf 85' lang='lat' dir='ltr'>sessilibus</span> <span class='ocrx_word' id='word_1_272' title='bbox 1358 2046 1761 2100; x_wconf 81' lang='lat' dir='ltr'>elliptico-oblongis</span> 
     </span>
     <span class='ocr_line' id='line_1_33' title="bbox 71 2102 1760 2157; baseline 0.001 -11"><span class='ocrx_word' id='word_1_273' title='bbox 71 2103 236 2146; x_wconf 85' lang='lat' dir='ltr'>obtusis</span> <span class='ocrx_word' id='word_1_274' title='bbox 264 2107 426 2146; x_wconf 87' lang='lat' dir='ltr'>remote</span> <span class='ocrx_word' id='word_1_275' title='bbox 451 2103 637 2145; x_wconf 85' lang='lat' dir='ltr'>crenatis</span> <span class='ocrx_word' id='word_1_276' title='bbox 666 2102 808 2144; x_wconf 90' lang='lat' dir='ltr'>crenis</span> <span class='ocrx_word' id='word_1_277' title='bbox 844 2102 1179 2146; x_wconf 73' lang='lat' dir='ltr'>ascendentibus</span> <span class='ocrx_word' id='word_1_278' title='bbox 1207 2103 1299 2146; x_wconf 80' lang='lat' dir='ltr'>basi</span> <span class='ocrx_word' id='word_1_279' title='bbox 1327 2104 1614 2157; x_wconf 77' lang='lat' dir='ltr'>subcut·datiS‚</span> <span class='ocrx_word' id='word_1_280' title='bbox 1644 2106 1760 2148; x_wconf 84' lang='lat' dir='ltr'>flori-</span> 
     </span>
     <span class='ocr_line' id='line_1_34' title="bbox 71 2160 1763 2217; baseline 0.004 -14"><span class='ocrx_word' id='word_1_281' title='bbox 71 2161 151 2204; x_wconf 87' lang='lat' dir='ltr'>bus</span> <span class='ocrx_word' id='word_1_282' title='bbox 185 2162 439 2204; x_wconf 80' lang='lat' dir='ltr'>axillaribus</span> <span class='ocrx_word' id='word_1_283' title='bbox 477 2160 792 2204; x_wconf 87' lang='lat' dir='ltr'>subsessilibus</span> <span class='ocrx_word' id='word_1_284' title='bbox 826 2161 1030 2204; x_wconf 82' lang='lat' dir='ltr'>solitariis</span> <span class='ocrx_word' id='word_1_285' title='bbox 1065 2162 1273 2217; x_wconf 90' lang='lat' dir='ltr'>oppositis</span> <span class='ocrx_word' id='word_1_286' title='bbox 1312 2163 1402 2207; x_wconf 86' lang='lat' dir='ltr'>basi</span> <span class='ocrx_word' id='word_1_287' title='bbox 1438 2164 1623 2207; x_wconf 79' lang='lat' dir='ltr'>bracteis</span> <span class='ocrx_word' id='word_1_288' title='bbox 1650 2164 1763 2209; x_wconf 89' lang='lat' dir='ltr'>binis</span> 
     </span>
     <span class='ocr_line' id='line_1_35' title="bbox 70 2220 1759 2276; baseline 0.003 -14"><span class='ocrx_word' id='word_1_289' title='bbox 70 2220 312 2263; x_wconf 79' lang='lat' dir='ltr'>lanceolatis</span> <span class='ocrx_word' id='word_1_290' title='bbox 329 2221 465 2264; x_wconf 87' lang='lat' dir='ltr'>acutis</span> <span class='ocrx_word' id='word_1_291' title='bbox 481 2221 612 2274; x_wconf 86' lang='lat' dir='ltr'>calyci</span> <span class='ocrx_word' id='word_1_292' title='bbox 628 2220 880 2274; x_wconf 80' lang='lat' dir='ltr'>aequilongis</span> <span class='ocrx_word' id='word_1_293' title='bbox 894 2220 1101 2273; x_wconf 82' lang='lat' dir='ltr'>suffultis,</span> <span class='ocrx_word' id='word_1_294' title='bbox 1117 2221 1259 2274; x_wconf 84' lang='lat' dir='ltr'>calyce</span> <span class='ocrx_word' id='word_1_295' title='bbox 1276 2224 1576 2276; x_wconf 82' lang='lat' dir='ltr'>campanulato</span> <span class='ocrx_word' id='word_1_296' title='bbox 1597 2223 1759 2267; x_wconf 87' lang='lat' dir='ltr'>minute</span> 
     </span>
     <span class='ocr_line' id='line_1_36' title="bbox 70 2279 1758 2335; baseline 0.002 -14"><span class='ocrx_word' id='word_1_297' title='bbox 70 2280 320 2333; x_wconf 82' lang='lat' dir='ltr'>glanduloso</span> <span class='ocrx_word' id='word_1_298' title='bbox 348 2285 389 2324; x_wconf 86' lang='lat' dir='ltr'>et</span> <span class='ocrx_word' id='word_1_299' title='bbox 428 2281 569 2335; x_wconf 86' lang='lat' dir='ltr'>patule</span> <span class='ocrx_word' id='word_1_300' title='bbox 599 2280 765 2322; x_wconf 87' lang='lat' dir='ltr'>hirsuto</span> <span class='ocrx_word' id='word_1_301' title='bbox 799 2279 1004 2323; x_wconf 83' lang='lat' dir='ltr'>dent-ibus</span> <span class='ocrx_word' id='word_1_302' title='bbox 1040 2280 1281 2334; x_wconf 79' lang='lat' dir='ltr'>aequalibus</span> <span class='ocrx_word' id='word_1_303' title='bbox 1315 2282 1758 2334; x_wconf 83' lang='lat' dir='ltr'>triangulari-lanceo-</span> 
     </span>
     <span class='ocr_line' id='line_1_37' title="bbox 72 2337 1761 2393; baseline 0.003 -12"><span class='ocrx_word' id='word_1_304' title='bbox 72 2338 166 2381; x_wconf 86' lang='lat' dir='ltr'>latis</span> <span class='ocrx_word' id='word_1_305' title='bbox 191 2339 326 2381; x_wconf 83' lang='lat' dir='ltr'>acutis</span> <span class='ocrx_word' id='word_1_306' title='bbox 355 2340 457 2382; x_wconf 89' lang='lat' dir='ltr'>tubo</span> <span class='ocrx_word' id='word_1_307' title='bbox 479 2337 696 2390; x_wconf 82' lang='lat' dir='ltr'>subduplo</span> <span class='ocrx_word' id='word_1_308' title='bbox 720 2338 1008 2389; x_wconf 79' lang='lat' dir='ltr'>brevioribus,</span> <span class='ocrx_word' id='word_1_309' title='bbox 1033 2339 1204 2381; x_wconf 75' lang='lat' dir='ltr'>corollae</span> <span class='ocrx_word' id='word_1_310' title='bbox 1230 2340 1387 2393; x_wconf 84' lang='lat' dir='ltr'>pallide</span> <span class='ocrx_word' id='word_1_311' title='bbox 1423 2353 1558 2384; x_wconf 68' lang='lat' dir='ltr'>roseae</span> <span class='ocrx_word' id='word_1_312' title='bbox 1580 2341 1761 2386; x_wconf 61' lang='lat' dir='ltr'>hirsutas</span> 
     </span>
     <span class='ocr_line' id='line_1_38' title="bbox 72 2396 1763 2452; baseline 0.002 -13"><span class='ocrx_word' id='word_1_313' title='bbox 72 2397 172 2440; x_wconf 81' lang='lat' dir='ltr'>tubo</span> <span class='ocrx_word' id='word_1_314' title='bbox 210 2399 392 2448; x_wconf 80' lang='lat' dir='ltr'>incluso,</span> <span class='ocrx_word' id='word_1_315' title='bbox 423 2398 539 2441; x_wconf 91' lang='lat' dir='ltr'>limbi</span> <span class='ocrx_word' id='word_1_316' title='bbox 576 2397 729 2440; x_wconf 90' lang='lat' dir='ltr'>minuti</span> <span class='ocrx_word' id='word_1_317' title='bbox 760 2396 868 2438; x_wconf 84' lang='lat' dir='ltr'>labio</span> <span class='ocrx_word' id='word_1_318' title='bbox 902 2398 1130 2452; x_wconf 87' lang='lat' dir='ltr'>superiore</span> <span class='ocrx_word' id='word_1_319' title='bbox 1170 2399 1368 2443; x_wconf 87' lang='lat' dir='ltr'>breviore</span> <span class='ocrx_word' id='word_1_320' title='bbox 1397 2401 1630 2443; x_wconf 87' lang='lat' dir='ltr'>subrctuso</span> <span class='ocrx_word' id='word_1_321' title='bbox 1656 2401 1763 2443; x_wconf 82' lang='lat' dir='ltr'>infe-</span> 
     </span>
     <span class='ocr_line' id='line_1_39' title="bbox 71 2456 1758 2514; baseline 0.002 -15"><span class='ocrx_word' id='word_1_322' title='bbox 71 2457 197 2500; x_wconf 88' lang='lat' dir='ltr'>rioris</span> <span class='ocrx_word' id='word_1_323' title='bbox 219 2457 313 2500; x_wconf 91' lang='lat' dir='ltr'>lobo</span> <span class='ocrx_word' id='word_1_324' title='bbox 337 2458 594 2501; x_wconf 88' lang='lat' dir='ltr'>intermedio</span> <span class='ocrx_word' id='word_1_325' title='bbox 616 2457 685 2498; x_wconf 82' lang='lat' dir='ltr'>vix</span> <span class='ocrx_word' id='word_1_326' title='bbox 709 2457 868 2510; x_wconf 84' lang='lat' dir='ltr'>majore</span> <span class='ocrx_word' id='word_1_327' title='bbox 903 2462 964 2504; x_wconf 68' lang='lat'>36.</span> <span class='ocrx_word' id='word_1_328' title='bbox 990 2456 1194 2500; x_wconf 76' lang='lat' dir='ltr'>Sideritz&#39;s</span> <span class='ocrx_word' id='word_1_329' title='bbox 1222 2458 1486 2512; x_wconf 76' lang='lat' dir='ltr'>AEqyptiaea</span> <span class='ocrx_word' id='word_1_330' title='bbox 1510 2459 1630 2502; x_wconf 86' lang='lat' dir='ltr'>Pers.</span> <span class='ocrx_word' id='word_1_331' title='bbox 1656 2458 1758 2514; x_wconf 81' lang='lat' dir='ltr'>Syn.</span> 
     </span>
     <span class='ocr_line' id='line_1_40' title="bbox 72 2514 317 2570; baseline 0 -13"><span class='ocrx_word' id='word_1_332' title='bbox 72 2514 125 2566; x_wconf 84' lang='lat'>11,</span> <span class='ocrx_word' id='word_1_333' title='bbox 157 2528 195 2570; x_wconf 87' lang='lat' dir='ltr'>p.</span> <span class='ocrx_word' id='word_1_334' title='bbox 226 2517 317 2558; x_wconf 77' lang='lat'>117.</span> 
     </span>
    </p>

    <p class='ocr_par' dir='ltr' id='par_1_8' title="bbox 117 2588 1761 2643">
     <span class='ocr_line' id='line_1_41' title="bbox 117 2588 1761 2643; baseline 0.002 -18"><span class='ocrx_word' id='word_1_335' title='bbox 117 2589 221 2625; x_wconf 86' lang='lat' dir='ltr'>Hab.</span> <span class='ocrx_word' id='word_1_336' title='bbox 247 2599 324 2626; x_wconf 89' lang='lat' dir='ltr'>non</span> <span class='ocrx_word' id='word_1_337' title='bbox 344 2590 384 2625; x_wconf 88' lang='lat' dir='ltr'>in</span> <span class='ocrx_word' id='word_1_338' title='bbox 403 2589 559 2643; x_wconf 80' lang='lat' dir='ltr'>Egypto</span> <span class='ocrx_word' id='word_1_339' title='bbox 579 2591 621 2624; x_wconf 90' lang='lat' dir='ltr'>ut</span> <span class='ocrx_word' id='word_1_340' title='bbox 638 2589 795 2625; x_wconf 77' lang='lat' dir='ltr'>erronee</span> <span class='ocrx_word' id='word_1_341' title='bbox 814 2588 1074 2626; x_wconf 84' lang='lat' dir='ltr'>Fontanesius</span> <span class='ocrx_word' id='word_1_342' title='bbox 1093 2590 1162 2626; x_wconf 91' lang='lat' dir='ltr'>sed</span> <span class='ocrx_word' id='word_1_343' title='bbox 1181 2591 1219 2626; x_wconf 90' lang='lat' dir='ltr'>in</span> <span class='ocrx_word' id='word_1_344' title='bbox 1242 2589 1424 2627; x_wconf 74' lang='lat' dir='ltr'>Oriente?</span> <span class='ocrx_word' id='word_1_345' title='bbox 1454 2589 1541 2627; x_wconf 88' lang='lat' dir='ltr'>loco</span> <span class='ocrx_word' id='word_1_346' title='bbox 1563 2602 1639 2627; x_wconf 91' lang='lat' dir='ltr'>non</span> <span class='ocrx_word' id='word_1_347' title='bbox 1657 2592 1761 2628; x_wconf 91' lang='lat' dir='ltr'>indi-</span> 
     </span>
    </p>
   </div>
   <div class='ocr_carea' id='block_1_7' title="bbox 68 2636 1762 2732">
    <p class='ocr_par' dir='ltr' id='par_1_9' title="bbox 68 2636 1762 2732">
     <span class='ocr_line' id='line_1_42' title="bbox 72 2636 1762 2685; baseline 0.002 -13"><span class='ocrx_word' id='word_1_348' title='bbox 72 2640 156 2672; x_wconf 84' lang='lat' dir='ltr'>cato</span> <span class='ocrx_word' id='word_1_349' title='bbox 190 2637 279 2681; x_wconf 86' lang='lat' dir='ltr'>(Dr.</span> <span class='ocrx_word' id='word_1_350' title='bbox 315 2637 493 2682; x_wconf 81' lang='lat' dir='ltr'>Granger</span> <span class='ocrx_word' id='word_1_351' title='bbox 519 2647 558 2672; x_wconf 86' lang='lat' dir='ltr'>m</span> <span class='ocrx_word' id='word_1_352' title='bbox 588 2636 698 2672; x_wconf 88' lang='lat' dir='ltr'>herb.</span> <span class='ocrx_word' id='word_1_353' title='bbox 724 2636 831 2672; x_wconf 86' lang='lat' dir='ltr'>Juss.</span> <span class='ocrx_word' id='word_1_354' title='bbox 861 2636 936 2672; x_wconf 86' lang='lat' dir='ltr'>sub</span> <span class='ocrx_word' id='word_1_355' title='bbox 961 2637 1141 2674; x_wconf 65' lang='lat' dir='ltr'>Sidet-etis</span> <span class='ocrx_word' id='word_1_356' title='bbox 1170 2637 1380 2675; x_wconf 81' lang='lat' dir='ltr'>Orientalz&#39;s</span> <span class='ocrx_word' id='word_1_357' title='bbox 1403 2638 1640 2675; x_wconf 75' lang='lat' dir='ltr'>scordz&#39;oz&#39;des</span> <span class='ocrx_word' id='word_1_358' title='bbox 1662 2640 1762 2685; x_wconf 80' lang='lat' dir='ltr'>flore</span> 
     </span>
     <span class='ocr_line' id='line_1_43' title="bbox 68 2683 871 2732; baseline 0 -13"><span class='ocrx_word' id='word_1_359' title='bbox 68 2687 294 2732; x_wconf 76' lang='lat' dir='ltr'>purpureo).</span> <span class='ocrx_word' id='word_1_360' title='bbox 315 2684 420 2720; x_wconf 88' lang='lat' dir='ltr'>Olim</span> <span class='ocrx_word' id='word_1_361' title='bbox 438 2685 478 2720; x_wconf 87' lang='lat' dir='ltr'>in</span> <span class='ocrx_word' id='word_1_362' title='bbox 498 2685 612 2720; x_wconf 89' lang='lat' dir='ltr'>Hort.</span> <span class='ocrx_word' id='word_1_363' title='bbox 638 2684 725 2720; x_wconf 85' lang='lat' dir='ltr'>Par.</span> <span class='ocrx_word' id='word_1_364' title='bbox 752 2683 871 2727; x_wconf 85' lang='lat' dir='ltr'>culta.</span> 
     </span>
    </p>
   </div>
   <div class='ocr_carea' id='block_1_8' title="bbox 71 2746 1760 3027">
    <p class='ocr_par' dir='ltr' id='par_1_10' title="bbox 71 2746 1760 3027">
     <span class='ocr_line' id='line_1_44' title="bbox 116 2746 1760 2794; baseline 0.001 -11"><span class='ocrx_word' id='word_1_365' title='bbox 116 2746 230 2784; x_wconf 78' lang='lat' dir='ltr'>Rami</span> <span class='ocrx_word' id='word_1_366' title='bbox 256 2747 578 2794; x_wconf 73' lang='lat' dir='ltr'>6-12-pollicares,</span> <span class='ocrx_word' id='word_1_367' title='bbox 607 2747 725 2783; x_wconf 74' lang='lat' dir='ltr'>iacies</span> <span class='ocrx_word' id='word_1_368' title='bbox 755 2746 1144 2791; x_wconf 72' lang='lat' dir='ltr'>Teucre&#39;iScordz&#39;um,</span> <span class='ocrx_word' id='word_1_369' title='bbox 1174 2747 1266 2784; x_wconf 83' lang='lat' dir='ltr'>folia</span> <span class='ocrx_word' id='word_1_370' title='bbox 1286 2748 1469 2794; x_wconf 86' lang='lat' dir='ltr'>pollicem</span> <span class='ocrx_word' id='word_1_371' title='bbox 1488 2749 1607 2794; x_wconf 80' lang='lat' dir='ltr'>longa</span> <span class='ocrx_word' id='word_1_372' title='bbox 1628 2751 1760 2786; x_wconf 78' lang='lat' dir='ltr'>omnia</span> 
     </span>
     <span class='ocr_line' id='line_1_45' title="bbox 71 2793 1758 2842; baseline 0.001 -13"><span class='ocrx_word' id='word_1_373' title='bbox 71 2793 118 2829; x_wconf 77' lang='lat' dir='ltr'>ad</span> <span class='ocrx_word' id='word_1_374' title='bbox 143 2795 282 2830; x_wconf 79' lang='lat' dir='ltr'>axillas</span> <span class='ocrx_word' id='word_1_375' title='bbox 314 2795 493 2839; x_wconf 78' lang='lat' dir='ltr'>florifera,</span> <span class='ocrx_word' id='word_1_376' title='bbox 523 2795 638 2840; x_wconf 81' lang='lat' dir='ltr'>calyx</span> <span class='ocrx_word' id='word_1_377' title='bbox 670 2795 691 2829; x_wconf 81' lang='lat'>4</span> <span class='ocrx_word' id='word_1_378' title='bbox 725 2794 847 2829; x_wconf 76' lang='lat' dir='ltr'>lineas</span> <span class='ocrx_word' id='word_1_379' title='bbox 877 2794 1023 2831; x_wconf 87' lang='lat' dir='ltr'>corolla</span> <span class='ocrx_word' id='word_1_380' title='bbox 1045 2795 1112 2839; x_wconf 76' lang='lat' dir='ltr'>5¹l²</span> <span class='ocrx_word' id='word_1_381' title='bbox 1140 2795 1258 2840; x_wconf 82' lang='lat' dir='ltr'>longa</span> <span class='ocrx_word' id='word_1_382' title='bbox 1287 2795 1382 2831; x_wconf 87' lang='lat' dir='ltr'>tuho</span> <span class='ocrx_word' id='word_1_383' title='bbox 1412 2795 1758 2842; x_wconf 81' lang='lat' dir='ltr'>piloso-annulato.</span> 
     </span>
     <span class='ocr_line' id='line_1_46' title="bbox 72 2839 1759 2890; baseline 0.002 -15"><span class='ocrx_word' id='word_1_384' title='bbox 72 2839 244 2878; x_wconf 82' lang='lat' dir='ltr'>Stamina</span> <span class='ocrx_word' id='word_1_385' title='bbox 263 2846 430 2888; x_wconf 77' lang='lat' dir='ltr'>quatuor</span> <span class='ocrx_word' id='word_1_386' title='bbox 448 2842 547 2877; x_wconf 86' lang='lat' dir='ltr'>inter</span> <span class='ocrx_word' id='word_1_387' title='bbox 571 2852 610 2877; x_wconf 82' lang='lat' dir='ltr'>se</span> <span class='ocrx_word' id='word_1_388' title='bbox 628 2842 842 2878; x_wconf 78' lang='lat' dir='ltr'>conformia</span> <span class='ocrx_word' id='word_1_389' title='bbox 861 2852 880 2876; x_wconf 87' lang='lat' dir='ltr'>c</span> <span class='ocrx_word' id='word_1_390' title='bbox 901 2842 1008 2878; x_wconf 82' lang='lat' dir='ltr'>fauce</span> <span class='ocrx_word' id='word_1_391' title='bbox 1028 2843 1257 2878; x_wconf 60' lang='lat' dir='ltr'>sui›ex.sert·.1</span> <span class='ocrx_word' id='word_1_392' title='bbox 1283 2843 1444 2878; x_wconf 86' lang='lat' dir='ltr'>omnino</span> <span class='ocrx_word' id='word_1_393' title='bbox 1463 2843 1673 2890; x_wconf 58' lang='lat' dir='ltr'>Staehydeze</span> <span class='ocrx_word' id='word_1_394' title='bbox 1691 2854 1759 2879; x_wconf 86' lang='lat' dir='ltr'>nec</span> 
     </span>
     <span class='ocr_line' id='line_1_47' title="bbox 72 2886 1757 2934; baseline 0.002 -12"><span class='ocrx_word' id='word_1_395' title='bbox 72 2886 296 2926; x_wconf 62' lang='lat' dir='ltr'>Sidet-mdis.</span> <span class='ocrx_word' id='word_1_396' title='bbox 317 2890 410 2925; x_wconf 81' lang='lat' dir='ltr'>Pars</span> <span class='ocrx_word' id='word_1_397' title='bbox 439 2890 596 2925; x_wconf 85' lang='lat' dir='ltr'>inferior</span> <span class='ocrx_word' id='word_1_398' title='bbox 645 2889 760 2925; x_wconf 74' lang='lat' dir='ltr'>lantae</span> <span class='ocrx_word' id='word_1_399' title='bbox 794 2899 871 2925; x_wconf 91' lang='lat' dir='ltr'>non</span> <span class='ocrx_word' id='word_1_400' title='bbox 892 2893 985 2925; x_wconf 76' lang='lat' dir='ltr'>nota</span> <span class='ocrx_word' id='word_1_401' title='bbox 1016 2892 1053 2925; x_wconf 86' lang='lat' dir='ltr'>et</span> <span class='ocrx_word' id='word_1_402' title='bbox 1079 2890 1164 2926; x_wconf 84' lang='lat' dir='ltr'>ideo</span> <span class='ocrx_word' id='word_1_403' title='bbox 1196 2890 1362 2925; x_wconf 77' lang='lat' dir='ltr'>affinitas</span> <span class='ocrx_word' id='word_1_404' title='bbox 1395 2890 1524 2934; x_wconf 78' lang='lat' dir='ltr'>dubia,</span> <span class='ocrx_word' id='word_1_405' title='bbox 1554 2893 1681 2926; x_wconf 84' lang='lat' dir='ltr'>tamen</span> <span class='ocrx_word' id='word_1_406' title='bbox 1707 2891 1757 2926; x_wconf 87' lang='lat' dir='ltr'>ob</span> 
     </span>
     <span class='ocr_line' id='line_1_48' title="bbox 74 2933 1759 2983; baseline 0.004 -14"><span class='ocrx_word' id='word_1_407' title='bbox 74 2933 244 2972; x_wconf 79' lang='lat' dir='ltr'>bracteas</span> <span class='ocrx_word' id='word_1_408' title='bbox 277 2947 440 2983; x_wconf 79' lang='lat' dir='ltr'>magnas</span> <span class='ocrx_word' id='word_1_409' title='bbox 472 2938 571 2972; x_wconf 86' lang='lat' dir='ltr'>inter</span> <span class='ocrx_word' id='word_1_410' title='bbox 646 2936 912 2981; x_wconf 72' lang='lat' dir='ltr'>rz&#39;ostachzsdes</span> <span class='ocrx_word' id='word_1_411' title='bbox 942 2947 1059 2983; x_wconf 88' lang='lat' dir='ltr'>prope</span> <span class='ocrx_word' id='word_1_412' title='bbox 1096 2937 1139 2973; x_wconf 86' lang='lat' dir='ltr'>S.</span> <span class='ocrx_word' id='word_1_413' title='bbox 1173 2937 1379 2982; x_wconf 75' lang='lat' dir='ltr'>setz&#39;feram</span> <span class='ocrx_word' id='word_1_414' title='bbox 1411 2937 1575 2974; x_wconf 86' lang='lat' dir='ltr'>militare</span> <span class='ocrx_word' id='word_1_415' title='bbox 1606 2938 1759 2975; x_wconf 82' lang='lat' dir='ltr'>videtur</span> 
     </span>
     <span class='ocr_line' id='line_1_49' title="bbox 74 2976 1415 3027; baseline 0.003 -10"><span class='ocrx_word' id='word_1_416' title='bbox 74 2985 250 3027; x_wconf 80' lang='lat' dir='ltr'>quamvis</span> <span class='ocrx_word' id='word_1_417' title='bbox 269 2995 290 3020; x_wconf 86' lang='lat' dir='ltr'>a</span> <span class='ocrx_word' id='word_1_418' title='bbox 309 2986 456 3021; x_wconf 75' lang='lat' dir='ltr'>caeteris</span> <span class='ocrx_word' id='word_1_419' title='bbox 480 2985 661 3021; x_wconf 78' lang='lat' dir='ltr'>sectionis</span> <span class='ocrx_word' id='word_1_420' title='bbox 682 2976 965 3020; x_wconf 80' lang='lat' dir='ltr'>verticillastris</span> <span class='ocrx_word' id='word_1_421' title='bbox 985 2984 1133 3020; x_wconf 85' lang='lat' dir='ltr'>bissoris</span> <span class='ocrx_word' id='word_1_422' title='bbox 1151 2984 1331 3020; x_wconf 84' lang='lat' dir='ltr'>distincta</span> <span class='ocrx_word' id='word_1_423' title='bbox 1351 2985 1415 3021; x_wconf 63' lang='lat' dir='ltr'>sit.</span> 
     </span>
    </p>
   </div>
  </div>
 </body>
</html>
