2100 3262
293 221 364 257 164
1000 220 1284 247 BonRAGmEAE.
1810 210 1993 250 Nonnea.

342 300 441 337 Hah.
462 298 502 334 in
523 294 765 345 proclivibus
778 293 919 330 lutosis
938 292 988 329 ad
1005 291 1155 328 Sallian
1174 294 1212 327 et
1229 290 1438 328 Lenkoran
1454 291 1570 338 juxta
1584 301 1696 328 mare
1715 289 1903 339 Caspium
1928 303 2000 331 nec

296 359 374 384 non
394 349 432 383 in
456 344 587 382 insula
606 344 700 379 Sara
721 341 827 386 (CA.
846 340 956 386 Meyl
975 339 1165 385 Hohenl).

343 410 500 447 Corolla
518 409 645 444 variat
662 407 757 442 tubo
775 404 947 451 calycem
970 405 1151 450 aequante
1169 402 1233 439 vel
1253 413 1344 439 eum
1362 405 1472 450 parte
1490 401 1657 438 dimidia
1674 406 1896 450 superante,
1908 403 2000 441 lim-

294 459 368 494 bus
386 457 450 493 vel
469 456 564 492 tubo
580 453 829 501 aequilongus
848 451 912 488 vel
931 451 1160 494 diminutus,
1177 450 1307 487 luteus
1325 450 1395 486 sed
1413 449 1615 486 interdum
1633 450 1699 495 (ex
1716 450 1764 487 cl.
1787 450 1998 499 Ruprecht.

294 505 448 550 Sched.)
465 503 640 548 margine
660 500 838 536 rubellus
859 498 921 535 vel
938 500 1044 535 totus
1063 497 1266 534 caeruleus.

352 629 388 669 Ξ.
420 625 480 668 Ν.
510 621 858 668 obtusifolia
883 621 1053 676 (Willd.
1072 620 1144 675 Sp.
1171 620 1203 668 Ι,
1228 633 1269 675 p.
1297 620 1381 663 780
1406 622 1450 662 et
1471 618 1602 662 herb!
1630 620 1713 664 sub
1735 619 1998 674 Lycopside)

291 698 449 736 annua,
469 683 624 728 viridis
640 681 824 723 flaccida
848 680 1003 724 setulis
1031 680 1242 723 brevibus
1268 680 1360 722 basi
1385 678 1677 723 tuberculatis
1695 691 1866 733 aspera,
1883 679 1997 723 foliis

291 741 692 795 obovato-oblongis
720 739 986 794 subintegris
1016 739 1280 782 radicalibus
1303 739 1398 781 basi
1424 739 1662 781 attenuatis
1685 737 1872 791 obtusis,
1896 751 1998 783 cau-

292 805 393 846 linis
415 801 645 845 sessilibus
663 799 858 841 breviter
879 797 1230 850 decurrentibus,
1250 798 1435 841 floribus
1459 797 1716 840 axillaribus
1733 797 1849 840 foliis
1867 810 1998 853 supe-

289 864 396 905 ratis
437 871 632 904 racemos
669 857 791 901 laxos
834 858 989 901 breves
1028 858 1343 900 formantibus.
1381 856 1540 910 calycis
1576 858 1667 901 fere
1709 856 1762 899 ad
1799 857 1994 900 medium

289 919 563 976 quinquefidi
609 918 822 961 fructiferi
868 917 1019 960 cernui
1064 916 1200 959 inflati
1242 916 1536 972 campanulati
1580 915 1786 959 dentibus
1829 917 1996 970 acutis,

288 981 446 1023 corolla
476 978 662 1031 calycem
699 977 771 1019 vix
805 980 1041 1031 superante
1075 975 1525 1024 albo-czerulescentQ
1554 975 1728 1019 nuculis
1766 975 1996 1030 puberulis

289 1040 395 1080 atris
433 1037 581 1080 nitidis
607 1037 738 1079 rectis
775 1035 1058 1079 acutiusculis
1090 1035 1358 1078 laeviusculis
1386 1039 1451 1086 O.
1482 1033 1535 1077 N.
1566 1034 1829 1086 obtusvfolia
1853 1035 1991 1077 Raem.

288 1101 331 1139 et
357 1097 451 1139 Scli.
478 1095 592 1149 Syst.
616 1096 691 1139 IV.
722 1109 761 1149 p.
786 1097 858 1138 71.
883 1119 941 1125 —
962 1094 1012 1137 N.
1038 1093 1348 1147 lamprocarpa
1374 1093 1548 1137 Griseh.
1568 1094 1684 1149 Spic.
1711 1094 1766 1146 ΙΙ,
1785 1107 1824 1148 p.
1849 1095 1917 1136 93.
1939 1118 1995 1124 —-

287 1155 498 1198 Anemtsa
518 1154 776 1207 leiospcrma
801 1155 862 1196 Fl.
891 1154 1037 1208 Pelop.
1067 1154 1152 1197 tab.
1179 1155 1218 1207 7,
1248 1155 1316 1207 lig.
1343 1155 1382 1196 3.

334 1229 437 1264 Hab.
467 1229 506 1264 in
534 1228 781 1275 rupestribus
813 1227 1025 1272 umbrosis,
1056 1227 1108 1264 ad
1133 1228 1231 1273 vias,
1259 1228 1558 1275 Peloponnesus
1588 1227 1760 1274 (Boryl)‚
1785 1227 1916 1263 Attica
1945 1227 1994 1264 ad

286 1276 343 1312 ΚΘ
374 1277 526 1312 bissum
546 1279 583 1312 et
602 1276 650 1311 ad
668 1275 817 1311 radices
836 1275 1017 1321 Hymetti
1035 1278 1072 1311 et
1093 1275 1240 1311 Parnes
1267 1275 1447 1322 (Sprunt,
1469 1275 1624 1321 Heldrl‚
1648 1274 1682 1311 Ο
1731 1275 1769 1310 h.
1791 1274 1848 1311 Fl.
1870 1275 1992 1311 Grae.

285 1324 331 1359 16
367 1326 399 1367 l),
419 1323 538 1358 Chios
557 1324 593 1358 et
609 1323 756 1359 Lesbos
778 1323 902 1367 (herb.
922 1322 1094 1367 Willdl),
1112 1322 1294 1369 Smyrnae
1313 1322 1488 1368 (Heldrl,
1507 1322 1580 1358 Bal
1594 1323 1632 1368 l),
1651 1286 1790 1359 Officia
1808 1322 1994 1359 littoralis

285 1370 376 1414 (Bal
389 1372 425 1414 l),
445 1370 556 1416 Syria
573 1369 740 1406 borealis
751 1370 800 1406 ad
810 1369 937 1406 Cassii
955 1370 1106 1406 radices
1124 1369 1255 1414 (Boiss
1266 1373 1303 1416 l),
1317 1370 1431 1416 Syria
1448 1370 1633 1407 littoralis
1648 1374 1685 1407 et
1698 1370 1878 1406 Libanus
1895 1370 1994 1406 infe-

285 1417 365 1453 rior
383 1417 465 1462 (ΒΗ
487 1417 642 1462 631111),
663 1418 860 1454 palestina
882 1417 932 1453 ad
951 1417 1272 1463 Hierosolymam
1293 1417 1463 1464 (Rothi).

347 1544 384 1585 3.
420 1543 484 1586 N.
524 1553 698 1586 rosea
730 1543 856 1597 (ΜΒ.
887 1543 1016 1586 Taur.
1049 1542 1175 1586 Cauc.
1210 1544 1243 1596 I,
1280 1556 1323 1598 p.
1360 1544 1440 1586 125
1477 1543 1562 1587 sub
1587 1542 1819 1599 Ambusti)
1847 1556 1993 1587 annua

281 1602 396 1657 pube
420 1602 543 1645 brevi
572 1602 736 1644 viscida
773 1603 966 1657 setisque
998 1602 1267 1657 longioribus
1301 1603 1487 1656 hirsuta,
1515 1602 1715 1647 caulibus
1753 1603 1911 1646 erectis
1948 1606 1992 1647 et

283 1660 643 1704 decumbentibus
691 1662 906 1709 ramosis,
950 1662 1064 1704 foliis
1108 1662 1292 1716 integris
1336 1663 1408 1706 vel
1448 1662 1656 1717 repandis
1702 1662 1989 1707 inferioribus

281 1720 476 1773 oblongis
500 1720 542 1761 in
573 1720 779 1773 petiolum
807 1722 1058 1769 attenuatis,
1084 1722 1359 1765 intermediis
1385 1721 1617 1765 sessilibus
1645 1721 1746 1772 basi,
1761 1721 1989 1766 latioribus

280 1779 431 1826 acutis,
456 1778 681 1821 floralibus
705 1780 1257 1834 triangulariacuminatis,
1286 1782 1470 1825 racemis
1494 1781 1668 1824 tandem
1695 1781 1819 1830 laxis,
1845 1782 1990 1836 calyce

281 1838 331 1878 ad
353 1838 523 1879 tertiam
539 1841 706 1892 partem
726 1839 1012 1893 quinquefido
1029 1840 1253 1884 fructifero
1277 1841 1468 1896 pendulo
1490 1841 1617 1883 valde
1636 1844 1761 1884 aucto
1779 1844 1823 1883 et
1839 1841 1989 1885 inflato

281 1896 579 1949 campanulato
604 1897 809 1940 dentibus
837 1899 1109 1949 acuminatis,
1135 1900 1307 1942 corollae
1337 1911 1477 1944 roseae
1510 1900 1710 1943 violaceae
1747 1900 1816 1944 vel
1848 1900 1990 1947 leuco-

277 1955 399 2009 pheae
424 1955 527 1998 tubo
551 1956 736 2008 calycem
764 1970 850 2000 non
883 1957 1120 2001 excedente
1149 1959 1194 2001 in
1222 1959 1402 2003 limbum
1441 1960 1733 2014 majusculum
1767 1960 1987 2013 ampliato,

275 2014 449 2056 nuculis
475 2014 652 2057 hirtulis
676 2016 818 2068 gibbis
840 2017 1112 2060 semi-ovatis
1137 2018 1340 2062 elevatim
1365 2018 1755 2073 areolam-rugosis
1773 2023 1815 2062 et
1833 2020 1987 2063 subtu-

275 2073 511 2116 berculatis
541 2077 587 2124 Θ
617 2075 760 2118 rarius
789 2075 857 2131 (ὓ.
884 2076 939 2118 Ic.
964 2076 1069 2118 M.B.
1098 2075 1217 2120 Cent.
1243 2079 1328 2122 tab.
1354 2080 1424 2121 43.
1457 2102 1516 2110 —
1544 2077 1598 2122 N.
1631 2090 1759 2121 rosea
1789 2079 1834 2121 F.
1863 2082 1905 2122 et
1933 2079 1984 2122 M.

276 2130 352 2175 Cat
396 2132 521 2177 1835.
550 2155 603 2162 —-
632 2134 842 2176 Anemosa
864 2135 1103 2178 versicolor
1125 2136 1242 2180 Stev.
1271 2139 1367 2181 Act.
1395 2138 1529 2193 Mosq.
1559 2151 1600 2193 p.
1638 2139 1712 2190 21,
1748 2137 1843 2181 Bo‘t.
1877 2138 1984 2193 Mag.

273 2191 524 2293 ssb‘fssgw'
566 2216 622 2222 —
655 2192 837 2235 Nonnea
864 2194 1104 2237 versicolor
1142 2195 1294 2241 Sweet.
1335 2223 1391 2228 —
1433 2197 1667 2240 Echioidcs
1703 2196 1987 2251 yrandzflora

317 2262 393 2291 es.
456 2254 510 2293 at.

322 2323 422 2359 Hah.
450 2325 490 2360 in
515 2325 709 2378 ruderatis
742 2329 778 2361 et
803 2326 917 2363 cultis
945 2329 1115 2374 regionis
1143 2330 1366 2377 subalpinae
1391 2331 1558 2368 Caucasi
1589 2331 1773 2368 centralis
1804 2331 1855 2367 ad
1885 2330 1980 2367 fluv.

272 2369 398 2405 Terek
428 2371 531 2416 (ΜΒ
558 2380 576 2415 l,
616 2373 877 2424 adrKasbeck
906 2375 1098 2422 (Rehml)‚
1126 2376 1175 2412 ad
1206 2377 1428 2414 Kaischaur
1452 2378 1678 2424 (Owerinl),
1700 2378 1983 2425 Daghestaniae

270 2417 500 2473 5000’56000·y
520 2419 701 2474 ffluprl),
728 2421 891 2474 Caucasi
925 2423 1062 2459 Iberici
1089 2424 1296 2471 ‹Hohenl)‚
1322 2426 1482 2463 ditionis
1507 2427 1680 2473 Talysch
1708 2426 1815 2472 (CA.
1845 2426 1982 2472 Mey.)‚

269 2464 383 2500 Ponti
403 2465 530 2502 Lazicl
549 2467 597 2501 ad
618 2468 754 2513 Djimil
777 2470 877 2504 inter
904 2480 1051 2507 messes
1073 2471 1213 2517 (Ball),
1232 2475 1432 2510 Armeniae
1451 2473 1502 2510 ad
1519 2474 1707 2510 Erzerum
1729 2474 1902 2520 (Huetl).

320 2528 484 2564 Nuculae
503 2541 558 2565 eis
577 2531 622 2565 N.
643 2532 891 2581 luteoeduplo
911 2535 1078 2580 majores
1095 2539 1131 2571 et
1151 2537 1395 2582 gibbosiores
1417 2538 1687 2574 tuberculatae.
1715 2538 1871 2574 corollae
1893 2538 1981 2573 lim-

272 2575 345 2610 bus
380 2576 505 2612 multo
537 2578 718 2624 amplior.
750 2581 971 2626 specimina
1002 2593 1049 2618 ex
1084 2583 1269 2620 Erzerum
1305 2587 1503 2622 Armeniae
1536 2579 1708 2622 radicem
1744 2585 1981 2622 validiorem

271 2622 418 2658 habent
437 2626 472 2659 et
494 2625 652 2661 biennia
674 2626 866 2663 videntur.

329 2746 365 2785 4.
401 2745 463 2787 Ν.
497 2746 783 2802 alpestris
829 2749 1007 2805 (Steven
1038 2752 1078 2794 in
1109 2753 1263 2797 Trans.
1299 2755 1422 2798 Linn.
1452 2755 1546 2799 Soc.
1585 2757 1660 2805 Xl,
1690 2771 1729 2811 p.
1762 2759 1861 2807 409,
1890 2758 1975 2800 tab.

267 2805 319 2844 32
360 2804 441 2845 sul)
481 2806 713 2857 Ambustis)
754 2811 975 2862 perennis.
1014 2813 1127 2865 pube
1171 2814 1429 2857 brevissima
1468 2816 1683 2859 viscidula
1721 2817 1914 2871 setisque
1954 2829 1976 2859 e

262 2863 491 2930 tuberculo
532 2867 638 2908 ortis
679 2867 861 2922 hispida.
896 2871 1090 2913 caulibus
1123 2874 1462 2918 ascendentibus
1498 2879 1540 2918 et
1571 2876 1975 2930 procumbentibus,

262 2922 374 2963 foliis
412 2925 753 2989 eipso-dentatis
786 2928 1066 2973 inferioribus
1101 2933 1296 2987 oblongis
1331 2933 1648 2978 obtusiusculis
1684 2936 1728 2977 in
1765 2936 1973 2989 petiolum

262 2984 495 3024 attenuatis
522 2986 825 3037 superiorilius
852 2989 1082 3032 sessilibus
1111 2993 1602 3047 semianiplexicauliba.
1649 2995 1845 3047 oblongis
1875 3008 1975 3038 acu-
