2065 3271
97 273 336 311 Verbaseum.
730 281 1141 308 scROPHULAmAcEAE.
1720 279 1789 315 327

145 360 221 402 68.
260 356 328 399 V.
370 353 660 410 petiolare
708 354 886 409 (Boiss.
931 358 973 396 et
1006 354 1093 407 ΚΥ.
1142 355 1180 397 in
1219 358 1408 415 Kotscliy
1440 359 1594 402 Sclied.
1649 363 1789 418 1859)

84 419 255 461 bienne.
282 415 391 458 foliis
419 426 552 467 supra
584 414 794 468 adpressc
832 414 956 456 liirlis
984 414 1228 457 virentibus
1260 417 1418 459 subtus
1444 420 1636 463 tenuiter
1670 423 1789 464 cauis

83 476 342 521 radicalibus
367 473 642 517 subcrenalis
665 473 804 514 ovalis
833 473 916 516 lale
941 473 1129 515 cordatis
1157 475 1373 526 petiolalis
1398 478 1581 527 obtusis,
1604 482 1786 523 caulinis

85 537 229 591 paucis
257 534 453 586 oblongis
478 532 567 574 basi
594 533 829 575 attenuatis
859 532 1051 575 breviter
1078 533 1296 586 petiolatis
1321 540 1362 579 et
1388 538 1633 583 sessilibus.
1662 542 1784 582 caule

83 594 249 638 rubello
277 593 447 635 tandem
471 591 772 644 glabrescente
802 592 1099 634 ramosissime
1135 596 1177 632 et
1217 593 1339 645 longe
1369 597 1614 647 paniculalo
1651 600 1784 641 ramis

81 654 257 707 virgatis
276 651 501 704 elongatis,
525 650 739 694 fasciculis
761 650 1000 703 plurilloris
1027 652 1205 692 remotis
1227 652 1398 696 bractea
1414 653 1569 698 'lineari
1590 658 1785 700 suffultis

80 715 120 756 in
148 724 338 754 racemos
364 711 612 752 laxissimos
647 710 890 763 dispositis,
921 710 1143 762 pedicellis
1170 711 1303 764 calyci
1341 714 1599 768 aequilongis
1636 718 1784 759 fructi-

80 772 179 815 l'eris
205 770 472 814 incrassatis,
502 769 647 823 calyce
671 769 1012 822 hispido—lanato
1037 769 1319 813 sululetcrsili
1347 774 1520 820 (lineam
1556 775 1701 830 longo)
1730 778 1782 818 all

79 831 196 873 basin
222 831 266 872 in
296 829 471 871 lacinias
506 829 691 871 lincares
726 828 1051 870 obtusiusculas
1091 830 1261 880 partito,
1296 833 1455 874 corolla
1497 838 1631 886 parva
1669 836 1784 878 lutea

77 889 335 936 tomentella,
359 888 591 931 filamentis
625 887 802 929 sordide
830 887 1256 932 lutescenti-lanalis.
1282 892 1459 944 capsula
1494 892 1677 946 oblonga
1713 895 1783 936 ob-

75 951 170 992 tusa
193 948 446 991 mucronata
470 947 613 1000 calyce
641 947 773 1000 duplo
804 945 996 999 longiore
1021 946 1097 1001 (ρ).

120 1022 220 1057 Hah.
237 1021 277 1056 in
292 1020 483 1065 glareosis
502 1020 673 1056 faucium
692 1019 741 1055 ad
761 1031 906 1067 pagum
922 1020 1116 1056 Gorumse
1138 1022 1335 1058 districtus
1345 1024 1497 1060 Kassan
1512 1026 1614 1072 Oglu
1634 1028 1781 1064 Cilicius

75 1069 271 1106 orientalis
289 1068 379 1114 (Ky.
399 1069 502 1113 1712)
522 1068 582 1104 Fl.
605 1067 696 1102 Mai.

121 1134 253 1170 Cauiis
271 1133 530 1181 pluripedalis
549 1133 713 1169 racemis
733 1131 942 1178 pedalibus
962 1135 999 1168 et
1016 1132 1279 1180 longioribus,
1312 1135 1405 1171 solia
1428 1137 1615 1173 radicalia
1635 1141 1779 1186 petiolo

72 1181 333 1228 3-4·pollicari
366 1180 531 1216 suffulta
560 1181 620 1216 4-ss
647 1179 809 1226 pollices
843 1179 964 1226 longa
998 1181 1193 1216 interdurn
1223 1183 1530 1220 surihorbiculnta.
1567 1186 1780 1223 Fasciculis

98 1229 281 1265 lurissoris
301 1231 339 1264 et
356 1229 495 1264 habitu
515 1229 629 1263 affine
658 1226 695 1262 V.
717 1226 889 1263 lez'antlzo
914 1228 1025 1274 cujus
1054 1228 1148 1263 folia
1175 1230 1360 1266 radicalia
1381 1232 1557 1267 nondum
1578 1236 1669 1268 nota
1689 1246 1778 1270 con-

85 1287 164 1312 erre
184 1287 261 1312 non
280 1276 382 1316 licet,
398 1276 466 1312 sed
486 1276 565 1311 illis
580 1275 766 1321 neglectis
789 1274 839 1309 ab
859 1286 903 1310 eo
923 1275 1053 1310 differt
1067 1276 1266 1313 fasciculis
1282 1279 1421 1314 florum
1439 1282 1612 1323 remotis,
1634 1282 1778 1318 cnlvcis

70 1323 234 1359 lanatuli
253 1334 322 1360 nec
341 1323 469 1369 glabri
488 1323 641 1359 laciniis
661 1322 876 1358 linearibus
897 1333 966 1358 nec
984 1324 1319 1371 ovato-oblongis.
1341 1326 1475 1363 Facies
1489 1322 1777 1366 Lez‘arztlzofizcm

69 1371 134 1407 sed
151 1371 296 1407 corolla
319 1371 558 1407 tomentella.

126 1473 192 1515 69.
226 1472 284 1514 V.
315 1475 743 1527 stenocarpum
778 1472 845 1526 (B.
877 1476 919 1514 et
943 1472 1092 1514 Heldr.
1132 1473 1282 1527 Diagn.
1316 1474 1409 1518 Ser.
1448 1477 1479 1526 I,
1522 1479 1592 1525 12,
1627 1492 1664 1532 p.
1711 1483 1776 1532 18)

66 1531 233 1580 bienne,
278 1536 470 1574 tomento
507 1532 558 1574 ad
589 1533 686 1573 folia
716 1532 916 1573 radicalia
951 1533 1197 1584 aeruginoso
1240 1535 1503 1586 persistente
1529 1537 1580 1578 ad
1608 1543 1774 1592 partem

65 1592 337 1645 superiorem
372 1592 529 1645 plantae
563 1591 707 1645 griseo
741 1591 914 1634 tandem
950 1591 1145 1634 detersili
1182 1592 1387 1640 obsitum.
1425 1596 1547 1638 caule
1582 1609 1775 1651 superne

66 1651 212 1693 stricte
242 1654 284 1694 et
308 1650 616 1705 pyramidatim
642 1650 956 1695 ramosissimo.
991 1651 1105 1694 foliis
1141 1652 1425 1697 inferioribus
1454 1655 1652 1710 oblongis
1683 1658 1773 1700 basi

64 1710 296 1753 attenuatis
339 1710 465 1752 valde
506 1714 549 1753 et
595 1709 750 1752 obtuse
797 1710 1147 1753 sinuato-lobatis
1199 1712 1536 1767 undulatisque,
1588 1717 1772 1760 caulinis

63 1768 255 1822 oblongis
291 1770 470 1823 integris
494 1769 763 1817 acuminatis,
801 1769 1017 1812 fasciculis
1047 1770 1268 1814 3-5-ssoris
1296 1773 1625 1818 remotiusculis
1653 1788 1770 1820 race-

63 1839 154 1870 mos
190 1829 340 1882 longos
374 1829 638 1871 laxiusculos
676 1829 852 1871 strictos
884 1828 1191 1879 fornianlilws,
1238 1832 1464 1884 petronis
1502 1835 1636 1888 calyci
1670 1836 1772 1878 sub--

61 1888 327 1941 aequilongis,
354 1888 542 1931 bracteis
566 1888 943 1936 lineari—seiaceis,
971 1888 1115 1941 calyce
1144 1889 1474 1945 (sesquilineam
1509 1893 1647 1947 longo>
1678 1894 1769 1938 sere

60 1945 111 1987 ad
143 1946 265 1990 basin
304 1948 346 1990 in
384 1947 561 1991 lacinias
599 1948 1002 1990 lineari—subillatas
1042 1950 1216 2001 partito,
1255 1951 1418 1993 corolla
1459 1955 1592 2005 parva
1634 1954 1767 1996 lutea.

57 2004 287 2049 filamentis
309 2006 511 2050 omnibus
534 2007 870 2060 griseo-lanatis,
899 2008 1077 2060 capsula
1102 2013 1285 2061 anguste
1313 2010 1760 2065 oblongo-cylindrica

58 2063 211 2107 obtusa
237 2067 489 2108 mucronata
513 2066 657 2119 calyce
686 2066 903 2120 subtriplo
932 2067 1122 2120 longiore
1148 2067 1226 2122 ζῇ.

103 2139 203 2176 Hah.
225 2139 266 2175 in
283 2140 531 2187 rupestribus
548 2140 796 2187 Pamphyliae
815 2140 865 2176 ad
882 2140 1013 2186 Alaya
1032 2141 1133 2176 inter
1153 2142 1288 2178 urbem
1308 2146 1345 2178 et
1359 2144 1565 2181 castellum
1584 2146 1728 2191 (Heldr
1741 2149 1766 2192 !)

57 2186 111 2223 Fl.
131 2189 222 2234 Apr.

101 2250 210 2287 Folia
244 2252 429 2288 inferiora
469 2250 503 2287 V.
528 2252 688 2295 sinuati,
714 2251 838 2287 caulis
869 2262 958 2288 cum
990 2252 1172 2298 panicula
1189 2253 1436 2300 ‘2-3-pedalis,
1470 2255 1616 2291 corolla
1646 2256 1764 2293 diam.

53 2298 76 2334 6
91 2298 216 2335 lineas
235 2298 324 2334 lata.
345 2298 518 2346 Capsula
546 2298 727 2336 Verbasez‘
740 2298 897 2336 Cedretz‘
910 2303 947 2335 et
961 2299 1209 2336 Damascem'
1220 2301 1287 2336 sed
1305 2303 1459 2338 tenuior
1473 2302 1495 2338 2
1508 2303 1547 2347 ’β
1565 2302 1632 2339 lin.
1647 2305 1764 2351 longa

55 2346 122 2381 vix
138 2345 285 2382 lineam
307 2346 397 2382 lata.
419 2346 564 2383 Fructu
582 2347 697 2382 affine
730 2345 764 2380 V.
785 2345 1102 2393 cheirantlzifolio
1125 2349 1192 2383 sed
1212 2348 1317 2385 foliis
1336 2349 1668 2386 diversissimum.

112 2444 188 2489 70.
222 2447 285 2490 v.
323 2447 771 2502 myriocarpum
805 2447 967 2503 (Boiss.
998 2451 1041 2490 et
1064 2448 1222 2490 Heldr.
1255 2449 1407 2502 magn.
1436 2440 1757 2504 ser.'1‚12‚p.

54 2507 122 2557 21)
143 2506 312 2557 bienne‚
337 2506 389 2548 ad
414 2507 549 2550 caulis
578 2508 744 2560 partem
770 2507 1019 2549 inferiorem
1043 2511 1086 2549 et
1109 2507 1204 2549 folia
1232 2509 1358 2550 eliam
1390 2509 1594 2551 raniealia
1622 2510 1758 2552 dense

52 2570 94 2609 et
124 2566 333 2620 adpresse
361 2569 876 2620 argyreoetomentosum
917 2566 1027 2608 soliis
1063 2567 1323 2609 1·a‹licalibiis
1359 2568 1516 2622 amplis
1546 2569 1756 2621 elliptico-

52 2625 296 2669 lanceolatis
318 2625 600 2669 acutiusculis
626 2625 718 2668 basi
743 2626 939 2669 cuneatis
965 2629 1007 2668 et
1031 2627 1225 2669 breviter
1252 2628 1467 2680 petiolatis
1495 2628 1685 2671 crenatis
1716 2632 1759 2669 et

49 2697 199 2738 grosse
223 2685 683 2739 undulato-rcpandis‚
709 2685 893 2729 caulinis
929 2689 974 2727 et
998 2685 1159 2728 rameis
1193 2685 1318 2728 valde
1343 2686 1571 2730 diminutis
1593 2688 1758 2729 sessili-

49 2743 128 2786 bus
155 2744 487 2798 ovati-oblongis
509 2744 709 2798 integris.
732 2746 854 2787 caule
882 2745 972 2787 sere
1005 2759 1026 2786 a
1058 2745 1151 2786 basi
1186 2745 1484 2788 ramosissime
1510 2747 1757 2801 paniculalo

46 2804 244 2857 panicula
262 2803 422 2856 glabra,
451 2803 667 2846 fasciculis
693 2804 934 2858 plurilloris
952 2804 1125 2848 bractea
1144 2805 1348 2847 subulata
1374 2805 1568 2848 suffultis
1589 2805 1756 2848 laxius-

47 2862 140 2904 cule
167 2863 366 2915 ramosis,
391 2863 614 2916 pedicellis
639 2864 771 2917 calyci
800 2864 1075 2918 aequilongis‚
1117 2864 1260 2918 calyce
1300 2865 1390 2916 (vix
1418 2865 1574 2908 lineam
1607 2865 1753 2918 longo)

48 2921 261 2975 puberulo
297 2923 337 2964 in
374 2922 552 2964 lacinias
583 2922 950 2966 lineari-setaceas
986 2923 1160 2977 partito.
1206 2925 1366 2966 corolla
1400 2924 1577 2966 minima
1618 2925 1751 2974 lutea,

48 2980 279 3022 filamenlis
302 2980 628 3032 albo-barbatis,
664 2983 839 3036 capsula
876 2983 1072 3036 glabrala
1106 2982 1274 3026 minuta
1303 2983 1751 3038 oblongo-cylindrica

48 3037 199 3083 obtusa
222 3042 475 3084 mucronata
500 3041 643 3095 calyce
673 3041 841 3096 3-4-plo
867 3042 1155 3096 longiore..
