2100 3262
258 200 328 237 124
981 208 1262 235 BORRAGINEAE.
1803 202 1948 240 Cor-dia
1956 229 1966 238 .

323 287 357 328 1.
391 284 446 329 C..
484 283 660 337 Myxa
693 281 760 337 (L.
786 282 858 335 Sp.
889 280 994 336 273)
1029 282 1212 324 arborea
1239 281 1388 336 glabra
1422 283 1490 325 vel
1520 282 1831 335 scabriuscula‚
1857 284 1974 327 foliis

258 346 385 398 longe
414 342 635 397 petiolatis
662 341 1066 385 ovato-orbiculatis
1094 341 1263 384 obtusis
1289 341 1514 384 interdum
1539 342 1822 393 mucronatis‚
1851 343 1968 385 flori-

260 404 342 447 bus
360 403 455 444 laxe
474 401 664 456 cymosis
688 400 945 454 polygamis,
964 400 1123 454 calycis
1142 401 1336 443 breviter
1356 400 1649 455 campanulati
1670 401 1790 444 intus
1815 402 1971 445 sericei

260 461 465 504 dentibus
489 459 699 502 brevibus
720 459 872 511 ovatis,
894 459 1066 502 corollae
1082 460 1186 502 tubo
1205 461 1396 512 calycem
1413 463 1614 514 aequante
1638 459 1749 503 lobis
1766 461 1972 515 oblongo-

258 520 499 563 linearibus
525 519 737 570 recurvis,
764 518 959 561 antberis
981 519 1121 561 ovatis
1143 518 1344 570 exsertis,
1370 519 1645 572 stigmatibus
1670 520 1696 561 4
1719 519 1970 562 flabellatim

257 579 451 622 dilatatis
479 579 634 631 erosis,
663 579 806 632 drupa
829 578 957 620 ovata
983 580 1240 621 mucronata
1267 583 1307 629 5.
1334 579 1389 620 Ic.
1420 578 1557 620 Delile
1588 578 1649 620 Fl.
1685 578 1758 632 Eg.
1783 578 1867 621 tab.
1900 579 1967 621 19.

306 663 407 699 Hal).
424 663 463 698 in
485 661 709 707 Babylonia
723 661 825 697 circa
844 660 990 696 Bassra
1006 663 1042 696 et
1060 661 1099 696 in
1120 660 1250 696 insula
1266 660 1418 696 Karrak
1433 661 1576 697 Persiae
1593 661 1796 703 aust1·alis;
1812 672 1861 696 an
1879 671 1968 696 vere

257 712 512 758 spontanea?.
532 709 637 745 culta
656 709 696 763 in
716 708 847 755 Cypro
867 708 994 754 (Kyt)‚
1014 708 1187 755 AEgypto
1206 708 1382 762 (Deme),
1401 709 1530 745 Arbor
1545 709 1584 744 in
1606 708 1829 754 Babylonia
1852 707 1969 744 Bom-

256 757 330 794 bar
348 758 486 801 dictus,
504 757 652 792 fructus
670 767 710 791 m
731 756 905 803 AEgypto
923 755 1139 803 Mokhayet
1156 756 1360 792 nominati.

304 829 345 866 C.
366 833 534 865 erenum
554 828 637 864 Del.
660 829 729 874 Eg.
751 828 829 864 tab.
853 828 898 864 20
917 828 956 864 in
976 828 1149 876 AEgypto
1169 839 1327 875 quoque
1350 828 1491 865 colitur
1508 832 1545 865 et
1564 829 1600 866 C.
1621 828 1873 876 subopposz‘ta
1891 839 1967 865 nc.

253 877 417 924 probab.
438 877 477 912 in
498 884 619 922 regno
638 875 812 912 Mascate
830 876 977 912 crescit.

300 951 361 987 Ar.
383 951 515 997 Geoqr.
537 950 662 985 India.

802 1096 1028 1145 ΕΗΒΕΤΙΑ
1063 1097 1122 1156 (L.
1159 1098 1258 1146 Gen.
1296 1096 1412 1159 257).

312 1250 448 1305 Calyx
467 1251 869 1305 quinquepartitus.
887 1248 1059 1293 Corolla
1076 1250 1508 1304 hypocrateriformis
1527 1251 1596 1294 vel
1615 1250 1841 1293 subrotata
1858 1250 1966 1293 tubo

251 1311 378 1353 brevi
399 1310 508 1352 tobis
532 1310 672 1353 ovatis
691 1309 944 1352 imbricatis.
965 1309 1157 1353 Stamina
1182 1310 1344 1364 saepius
1368 1313 1553 1354 exserta.
1578 1309 1728 1363 Stylus
1746 1309 1966 1352 filiformis

251 1369 414 1414 bifidus
445 1370 511 1412 vel
534 1370 783 1423 bipartitus.
812 1368 1020 1412 Ovarium
1049 1369 1092 1411 bi
1116 1369 1184 1411 vel
1209 1369 1575 1423 quadi-iloculare.
1608 1369 1753 1423 Drupa
1779 1369 1963 1423 pulposa

253 1431 318 1472 vel
348 1441 531 1472 exsucca
562 1430 841 1484 ⁹2-4-pyrena.
869 1427 1159 1482 Cotyledones
1187 1441 1272 1471 non
1300 1428 1482 1484 plicatae.
1511 1428 1722 1471 Frutices.

313 1570 350 1612 1.
385 1569 439 1611 E.
477 1568 828 1613 obtusifolia
862 1569 1058 1624 (Hochst.
1086 1571 1128 1612 in
1166 1570 1355 1626 Schimp.
1388 1582 1480 1613 exs.
1504 1584 1665 1615 -—1).c.
1704 1572 1857 1614 Prodr.
1885 1571 1963 1622 IX,

251 1644 293 1686 p.
318 1628 426 1683 507)
460 1631 681 1673 fruticosa.
704 1629 838 1672 ramis
863 1628 1108 1672 inermibus
1138 1630 1354 1673 teretibus
1388 1630 1550 1683 glabris
1576 1631 1755 1685 glaucis.
1779 1632 1965 1684 gemmis

250 1689 507 1732 lateralibus
535 1693 578 1732 et
602 1688 907 1731 terminalibus
933 1689 1033 1732 folia
1060 1691 1134 1732 3-5
1166 1690 1412 1733 fascicutata
1436 1702 1694 1743 cymamque
1720 1691 1963 1734 ferentibus

249 1748 511 1791 ebracteatis
542 1748 715 1790 tandem
742 1748 787 1790 in
817 1749 1032 1792 ramulum
1068 1749 1295 1802 elongatis,
1330 1749 1443 1792 foliis
1472 1751 1964 1803 pubescenti-velutinis

248 1808 656 1860 obovato-obtongis
677 1807 846 1851 obtusis
869 1808 913 1850 in
937 1808 1148 1863 petiolum
1173 1809 1353 1851 brevem
1378 1809 1628 1858 attenuatis,
1650 1810 1786 1864 cymis
1814 1811 1961 1854 brevi-

247 1871 315 1911 ter
338 1866 646 1921 pedunculatis
670 1866 922 1910 divaricatis
946 1868 1241 1921 filiformibus,
1259 1869 1419 1923 calycis
1436 1868 1646 1923 hispiduli
1669 1869 1838 1912 laciniis
1861 1871 1962 1913 bre-

246 1927 361 1970 viter
382 1925 862 1981 triangulari-oblongis
889 1927 1073 1970 obtusis.
1101 1928 1274 1970 corollae
1297 1928 1492 1971 breviter
1514 1929 1829 1983 campanulatae
1853 1930 1961 1972 tubo

245 1986 389 2039 calyce
415 1986 548 2039 duplo
573 1985 781 2039 longiore,
810 1987 919 2029 tobis
948 1986 1145 2040 oblongis
1170 1988 1274 2030 tubo
1296 1988 1552 2042 aequilongis
1576 1996 1611 2036 5.
1637 1987 1687 2029 E.
1708 1987 1890 2031 obovata
1907 1988 1960 2031 R.

245 2046 318 2088 Br.
344 2046 388 2088 ln
410 2045 502 2088 Salt
528 2045 707 2099 (nomen
733 2046 910 2102 solum).

293 2119 396 2156 Hah.
415 2121 455 2155 in
476 2120 701 2156 Belutschia
721 2120 878 2165 (Stocks
899 2131 977 2156 exs.
995 2120 1112 2166 5392).

291 2182 351 2218 Ex
369 2184 584 2230 specimine
603 2183 717 2219 unico
734 2184 929 2232 descripta
947 2194 1036 2221 cum
1054 2183 1190 2231 planta
1207 2185 1445 2231 Abyssinica
1463 2195 1675 2232 congruere
1694 2185 1860 2222 videtur.

291 2247 354 2283 Ar.
378 2247 510 2293 Geoqr.
533 2247 761 2293 Abyssinia‚
780 2247 933 2284 Scinde.

305 2380 343 2420 2.
378 2379 433 2422 Ε.
469 2378 817 2424 floribunda
848 2381 1006 2435 (Royle
1041 2382 1108 2424 Ill.
1145 2395 1183 2437 p.
1217 2382 1321 2437 306]
1355 2383 1552 2430 arborea,
1581 2382 1714 2425 ramis
1741 2382 1959 2425 teretibus

243 2439 578 2481 canescentibus
605 2439 783 2493 glabris,
803 2441 985 2494 gemmis
1011 2441 1266 2485 lateralibus
1291 2445 1334 2486 et
1361 2442 1664 2485 terminalibus
1685 2442 1785 2484 folia
1810 2442 1958 2484 solita-

243 2498 306 2540 ria
337 2498 405 2540 vel
434 2498 533 2540 bina
561 2511 796 2554 cymasque
826 2500 1001 2543 sessiles
1029 2514 1050 2544 a
1080 2500 1173 2544 basi
1200 2501 1471 2545 divaricatim
1499 2501 1765 2545 dlebotomas
1789 2500 1958 2544 edenti-

241 2556 341 2609 bus,
367 2557 481 2599 foliis
515 2558 654 2601 ovatis
684 2559 750 2601 vel
774 2558 972 2613 oblongis
996 2559 1089 2602 basi
1114 2563 1297 2604 cuneata
1325 2561 1520 2604 breviter
1541 2561 1761 2616 petiolatis
1792 2560 1962 2614 glaucis

242 2616 471 2670 puber-ulis
509 2617 684 2659 tandem
720 2618 945 2672 glabr-atis,
977 2619 1136 2673 calycis
1174 2620 1351 2663 velutini
1387 2620 1554 2663 laciniis
1589 2621 1729 2663 ovatis
1764 2620 1949 2667 obtusis,

240 2675 414 2718 corollae
447 2676 552 2718 tubo
587 2677 778 2730 calycem
809 2690 965 2732 parum
999 2678 1237 2722 excedente
1271 2679 1380 2722 lobis
1414 2679 1816 2733 obovato·oblongis
1850 2680 1954 2723 tubo

239 2735 498 2788 aequilongis
525 2740 562 2785 5.

286 2808 390 2843 Hah.
411 2808 452 2843 in
472 2808 700 2845 Belutschia
720 2809 875 2856 (Stocks
894 2821 973 2847 exs.
991 2811 1111 2856 6071).

285 2880 468 2916 Plantam
489 2881 736 2927 Royleanam
756 2892 836 2918 non
854 2883 953 2925 vidi,
972 2883 1169 2920 Brahuica
1187 2895 1209 2920 a
1231 2884 1279 2921 cl.
1302 2884 1441 2921 Stocks
1462 2885 1721 2922 determinata
1743 2886 1788 2922 E.
1810 2886 1954 2923 obtuse-

233 2927 344 2973 folz'ce
361 2927 478 2964 valde
496 2929 624 2964 affinis
643 2931 711 2964 est.

283 2993 347 3028 Ar.
366 2993 497 3039 Geoqr.
519 2994 629 3029 India
648 2995 829 3031 borealis,
