2065 3271
131 246 362 294 Haloqeton.
860 253 1136 280 SALSOLACEAE.
1776 250 1850 287 {285

356 410 653 459 nitossmox
682 410 792 471 (CA.
821 410 919 466 Mcy.
950 410 1008 457 Fl.
1037 411 1114 458 Alt.
1144 411 1179 465 Ι,
1210 425 1247 473 p.
1281 412 1369 459 378
1401 426 1446 460 cx
1479 418 1611 474 parte.

688 503 742 508 —-
777 475 1140 537 Agathophora
1177 476 1308 538 Ege),

189 619 340 661 Flores
383 617 535 659 abortu
585 617 798 671 polygami
843 617 882 657 in
928 617 1069 659 axillis
1110 618 1336 670 glomerati
1372 620 1466 662 lana
1503 620 1639 663 densa
1679 623 1842 675 stipati,

132 677 302 719 medius
349 675 667 718 ebracteolatus
711 676 951 718 exteriores
1002 673 1361 721 2-3-bracteolati.
1431 680 1648 732 Perigonii
1697 682 1843 734 phylla

130 737 325 790 quinque
352 734 574 777 sublibera
601 735 664 776 vel
693 734 909 776 exteriora
940 735 1034 775 bina
1059 738 1229 778 tantum
1256 737 1320 778 vel
1345 738 1426 779 tria
1444 740 1680 780 autoinnia
1708 740 1841 782 dorso

132 795 241 836 alata
269 794 333 835 vel
360 793 498 846 gibba.
539 793 803 835 Slaniinodia
839 794 907 834 4-5
950 804 1046 834 cum
1086 793 1319 838 filamentis
1352 801 1548 839 connata.
1591 797 1782 840 Stamina
1820 800 1844 840 5

132 854 276 895 rarius
302 853 326 894 3
351 854 416 894 vel
446 853 484 901 2,
508 853 701 895 antherae
729 851 922 893 breviter
950 852 1014 894 vel
1044 864 1126 893 non
1153 853 1392 906 apiculatae.
1418 855 1625 898 Ovarium
1653 860 1845 908 ovatum,

131 913 274 966 stylus
303 912 463 962 brevis,
503 912 700 964 stigmata
730 910 815 952 duo
841 910 1072 952 filiformia.
1108 910 1314 954 Radicula
1346 925 1521 967 supera.
1551 939 1604 944 —
1631 914 1842 958 Fruticuli

131 971 198 1012 vel
221 970 367 1013 hri-bie
391 981 546 1012 annu-se
573 970 690 1011 foliis
719 970 926 1011 carnosis.

199 1088 231 1128 1.
266 1086 330 1128 H.
356 1083 808 1139 alopecuroides
848 1084 964 1139 (Del.
1005 1085 1156 1128 Descr.
1194 1087 1266 1140 Eg.
1306 1101 1343 1141 p.
1380 1089 1479 1142 222,
1523 1090 1607 1132 tab.
1654 1091 1723 1134 2¹.
1761 1091 1844 1133 sub

134 1144 321 1198 Stilsola')
367 1145 602 1187 f1·ulicosns
646 1143 821 1185 humilis
874 1144 1202 1187 ramosissimus
1248 1147 1381 1189 ramis
1420 1149 1629 1202 elongatis
1665 1150 1845 1202 virgatis

136 1204 383 1258 patentibus
414 1203 478 1245 vel
507 1203 699 1245 curvatis
724 1203 835 1244 albis
858 1203 1037 1256 glabris,
1074 1204 1185 1247 toliis
1213 1206 1380 1258 sparsis
1404 1207 1446 1248 in
1471 1208 1654 1250 ramulis
1679 1209 1846 1261 vegetis

136 1263 399 1305 distantibus
428 1261 955 1305 semitereti-subclavatis
979 1274 1115 1315 supra
1143 1263 1283 1316 planis
1311 1265 1467 1308 subtus
1494 1267 1700 1308 convexis
1729 1279 1847 1309 cras-

133 1323 196 1363 sis
215 1321 421 1364 brevibus
442 1320 939 1375 pungenti-mucronatis
963 1320 1026 1362 vel
1050 1321 1123 1374 (ex
1146 1322 1195 1364 cl.
1217 1322 1473 1379 Schweint.)
1494 1325 1680 1375 musteis,
1705 1326 1848 1369 axillis

136 1379 352 1426 lanatulis.
377 1380 561 1422 floribus
589 1380 631 1420 in
658 1379 799 1421 axillis
823 1381 1090 1432 glomerulos
1113 1380 1316 1433 globosos
1341 1383 1573 1426 bracteolis
1598 1385 1848 1427 orbiculari-

134 1440 272 1482 ovatis
294 1439 570 1483 intermixtos
595 1438 902 1487 formantibus
930 1439 1139 1492 perigonii
1163 1440 1323 1495 phyllis
1353 1443 1435 1484 sub
1462 1444 1631 1486 anthesi
1661 1444 1847 1497 hyalinis

135 1499 255 1552 apice
289 1497 727 1547 eroso-denticulatis,
761 1496 997 1540 fructiferis
1032 1499 1171 1541 antico
1210 1504 1254 1542 et
1290 1502 1451 1554 postico
1493 1503 1559 1544 vel
1601 1503 1739 1545 ternis
1779 1504 1848 1545 vel

134 1557 493 1609 omnibussupra
517 1556 707 1599 medium
731 1555 798 1597 ala
820 1556 1184 1600 ovalo-flabellata
1209 1560 1347 1602 auctis
1371 1560 1451 1602 alis
1474 1562 1636 1614 saepius
1658 1562 1848 1616 inaequa·

137 1616 264 1667 libus,
285 1616 545 1659 staminibus
569 1619 612 1658 et
632 1614 904 1657 staminodiis
924 1616 1070 1670 quinis
1089 1623 1123 1665 5.
1142 1617 1363 1660 Anabasz's
1386 1619 1714 1672 alopecuromes
1738 1620 1847 1674 Moq.

136 1675 177 1717 in
215 1687 297 1718 oc.
339 1698 392 1704 -
432 1673 672 1726 Haloyeton
703 1674 1030 1726 alopecuroides
1070 1676 1178 1730 Moq.
1206 1676 1394 1732 Chenop.
1436 1703 1487 1709 —
1533 1678 1848 1732 Ayatleoplmra

137 1732 464 1786 ‹iaapecuroides
483 1732 626 1785 Fenzl,
640 1732 738 1785 Bge.
758 1757 814 1764 —
834 1733 1086 1786 Trayanum
1103 1735 1321 1777 nudatum
1336 1736 1523 1792 Schimp.
1537 1749 1627 1780 exs.
1647 1751 1729 1780 non
1750 1738 1844 1781 Del.

184 1807 283 1843 Hab.
309 1808 350 1843 in
379 1806 542 1842 desertis
573 1806 716 1853 Egypti
739 1807 793 1842 ’ad
823 1808 1056 1852 Pyramides
1086 1809 1201 1855 (Del.‚
1228 1810 1437 1858 SchimpU,
1473 1811 1521 1847 ad
1556 1812 1683 1848 Ouadi
1716 1812 1820 1858 Dugl

137 1863 256 1900 prope
277 1854 465 1889 Kahiram
488 1857 526 1889 et
541 1853 711 1936 Aplanitie
734 1855 874 1889 Galala
893 1854 1037 1890 deserti
1055 1856 1214 1892 Arabici
1234 1857 1504 1906 (Schweinfl)‚
1534 1859 1684 1895 Arabia
1715 1862 1848 1906 petrea

135 1901 330 1948 (Schimpl
348 1901 514 1946 Boissl).
579 1901 708 1936 rabice
728 1901 779 1937 El
799 1901 950 1938 Hamd.

183 1965 351 2000 Fructus
371 1967 630 2012 pentaptorus
651 1967 694 2000 ut
711 1965 1006 2001 Schweinfurth
1026 1966 1257 2003 observavit
1279 1972 1317 2004 et
1337 1979 1410 2016 ego
1434 1971 1474 2005 in
1497 1970 1782 2017 speciminibus
1800 1972 1850 2006 al)

138 2022 183 2047 eo
202 2012 359 2048 donatis
383 2013 610 2058 observavi,
637 2013 793 2059 generis
818 2012 1117 2060 Ayatkoplzorae
1139 2015 1341 2052 character
1365 2017 1588 2053 essentialis
1612 2018 1733 2063 igitur
1752 2028 1845 2054 eva-

141 2060 274 2095 nescit.

200 2172 238 2213 ⁶2.
273 2170 338 2213 Η.
371 2170 744 2225 glomeratus
770 2172 902 2226 (MR.
934 2172 1055 2214 Mem.
1091 2174 1227 2228 Mosq.
1267 2175 1299 2226 Ι,
1324 2189 1363 2230 p.
1401 2177 1480 2218 110
1515 2176 1598 2219 sub
1634 2174 1852 2231 Anabasi)

141 2242 314 2272 annuus
341 2230 491 2282 glaber
513 2231 693 2283 glaucus
722 2231 898 2273 humilis
936 2245 958 2273 a
993 2231 1085 2274 basi
1118 2235 1460 2284 ramosissimus,
1488 2236 1622 2278 ramis
1652 2247 1852 2290 procum-

141 2287 345 2331 bentibus
369 2288 707 2332 ascendentibus
725 2294 768 2332 et
792 2291 948 2332 erectis
972 2290 1013 2332 in
1038 2291 1374 2345 hemisphaeram
1396 2294 1573 2337 densam
1600 2306 1851 2337 excrescen-

142 2347 275 2397 tibus,
307 2347 417 2389 foliis
445 2346 653 2389 brevibus
682 2348 875 2391 carnosis
897 2351 990 2391 seta
1018 2349 1221 2392 subulata
1251 2365 1350 2394 mox
1380 2354 1563 2395 evanida
1590 2353 1850 2404 terminatis,

138 2406 394 2459 glomerulis
418 2407 673 2449 axillaribus
696 2408 1009 2460 approximatis
1031 2409 1224 2461 spicalis,
1248 2410 1432 2453 floribus
1453 2413 1684 2466 gloweruli
1710 2416 1853 2454 exter-

144 2466 209 2507 nis
253 2465 451 2507 femineis
490 2466 659 2508 caeteris
705 2467 1071 2519 hermaphroditis
1119 2467 1333 2520 diandris,
1379 2470 1609 2513 bracteolis
1655 2472 1853 2522 oblongis

140 2525 356 2570 concavis,
387 2525 658 2566 staminodiis
684 2525 720 2573 4,
757 2526 964 2577 perigoiiii
1002 2526 1215 2569 fructiferi
1253 2528 1412 2581 phyllis
1447 2531 1610 2583 saepius
1648 2530 1852 2571 omullus

143 2582 208 2624 ala
248 2583 471 2625 renifornii
506 2584 657 2634 auctis,
692 2583 771 2625 alis
808 2584 1098 2638 inaequalibus
1128 2590 1194 2636 O.
1234 2586 1285 2628 H.
1307 2587 1577 2639 ylomeratus
1611 2587 1710 2631 CA.
1741 2589 1850 2642 Moy.

143 2639 207 2685 Fl.
235 2642 322 2685 Alt.
355 2641 385 2688 Ι,
414 2655 451 2696 p.
479 2643 577 2684 378.
604 2666 657 2672 -
680 2642 834 2684 Ledeb.
862 2642 914 2685 Ic.
939 2644 1023 2686 tab.
1047 2646 1118 2686 40.

192 2716 350 2751 Ha1›.in
371 2717 637 2752 Turcomania
659 2717 705 2751 nd
728 2718 919 2763 Caspium
946 2719 1139 2765 (Karell),
1169 2720 1435 2755 Turkestania
1463 2731 1585 2768 prope
1615 2722 1800 2757 Sumarca
1832 2721 1858 2759 d

143 2763 334 2808 (Lemni),
354 2774 475 2809 regno
496 2764 684 2799 Cabulico
704 2764 744 2799 in
768 2764 871 2800 valle
895 2765 1059 2801 Bamian
1080 2767 1212 2811 (Gritf.
1232 2768 1369 2803 Jonrn.
1390 2768 1526 2813 11‘211).

189 2827 328 2862 Planta
347 2828 394 2862 ad
413 2838 613 2862 summum
631 2827 900 2873 semipedalis,
922 2829 1017 2864 folia
1035 2831 1187 2876 majora
1206 2831 1226 2865 4
1245 2829 1374 2866 lineas
1393 2832 1527 2877 longa.

188 2893 250 2927 Ar.
270 2891 402 2937 Geoqr.
427 2892 575 2927 Sibiria
594 2891 797 2927 Uralensis
817 2896 853 2927 et
873 2893 1037 2929 Altuica.
