2065 3271
116 244 297 281 Nonnea.
828 255 1107 282 BORRAGlNEAE.
1751 247 1825 284 169

117 326 336 383 perennis,
351 327 457 370 setis
475 326 584 370 albis
601 328 875 371 brevissimis
892 328 984 371 basi
1008 341 1155 372 crasse
1171 330 1456 373 tuberculatis
1475 329 1590 385 pube
1611 330 1820 374 viscidula

116 398 232 441 saepe
270 386 537 429 intermixtis
576 387 788 435 scabrida,
826 387 1023 430 caulibus
1052 400 1074 431 e
1106 388 1250 431 radice
1285 393 1431 432 crassa
1458 388 1616 433 erectis
1645 390 1822 444 pumilis

116 444 277 491 crassis
313 445 473 499 sae-pius
496 458 518 488 a
542 446 634 488 basi
661 446 972 489 ramosissimis
998 448 1267 501 corymbosis
1293 462 1516 491 ramorum
1541 447 1822 492 decurrentia

117 505 618 558 augutam-compressis,
644 505 756 548 foliis
780 504 1042 550 radicalibus
1072 508 1237 560 magnis
1265 507 1473 550 rosulatis
1504 507 1700 561 oblongis
1727 508 1821 551 basi

118 565 242 618 longe
267 565 517 613 attenuatis,
543 564 726 606 caulinis
753 564 879 606 valde
903 565 1129 608 diminutis
1152 566 1405 609 lanceolatis
1429 567 1521 608 basi
1547 567 1821 621 semiample-

117 622 277 666 xicauli
302 621 496 665 breviter
519 622 871 673 decurrentibus,
896 625 1078 667 racemis
1106 624 1314 668 brevibus
1344 626 1518 668 tandem
1547 626 1819 677 laxiusculis,

117 682 260 736 calyce
290 680 402 724 ultra
427 682 600 724 tertiam
633 686 799 737 partem
825 682 870 724 in
897 683 1050 726 dentes
1075 683 1268 726 breviter
1295 685 1557 727 lanceolatos
1583 685 1687 727 lisso
1710 686 1822 728 fruc-

118 741 243 785 tifero
278 744 446 784 accreto
481 743 783 796 campanulato
813 742 997 792 nutanti,
1033 743 1206 786 corollae
1242 743 1368 786 luteae
1396 744 1500 787 tubo
1539 744 1683 797 calyce
1719 745 1822 786 sub-

118 799 312 853 longiore
329 799 456 843 limbo
472 801 575 843 tubo
590 801 792 843 breviore
807 802 1132 855 erecto—patulo,
1150 802 1323 844 nuculis
1340 803 1501 846 crassis
1517 803 1823 856 semigloboso·

116 858 338 914 depressis
374 859 536 912 glabris
571 872 722 914 grosse
759 861 1244 914 scrobiculato-rugosis
1293 861 1639 904 albo-maculatis
1677 865 1823 905 rostro

115 918 278 960 laterali
316 924 373 964 26.
400 917 452 960 N.
477 918 753 972 Euphracica
780 918 914 962 Boiss.
948 921 1026 962 loc.
1055 921 1123 962 cit.
1149 919 1282 975 (spec.
1305 921 1514 975 juniora).

162 990 262 1025 Hah.
286 991 326 1026 in
347 990 516 1027 collibus
534 991 694 1027 incultis
712 991 898 1039 Phrygiae
917 993 965 1029 ad
986 992 1151 1029 Ouchak
1169 993 1274 1030 2800’
1295 994 1428 1037 (Ball),
1448 994 1644 1030 Anatoliae
1664 995 1745 1030 bor.
1767 995 1818 1031 ad

113 1036 315 1083 Beybasar
333 1042 371 1074 et
390 1039 428 1074 in
450 1042 581 1075 monte
609 1039 831 1086 Elmadagh
852 1040 1029 1083 (wicun,
1055 1040 1213 1077 Pisidiae
1233 1042 1283 1077 ad
1303 1042 1458 1087 Egirdir
1478 1042 1669 1086 (Heldr!],
1688 1043 1818 1087 Lyciae

112 1084 326 1177 Zg7glssmffi
354 1085 503 1132 (Bourg
517 1088 554 1132 Ι),
573 1087 833 1134 Cappadociae
864 1087 953 1134 3Ky.
974 1089 1090 1133 1881),
1110 1090 1307 1125 Armeniae
1332 1089 1382 1124 ad
1403 1089 1643 1135 Euphratem
1673 1090 1816 1133 (Auen.

158 1195 299 1231 Planta
320 1197 572 1244 semipedalis
594 1198 657 1234 vel
678 1198 876 1244 humilior,
892 1199 987 1235 folia
1006 1199 1193 1236 radicalia
1207 1201 1443 1245 corymbum
1460 1210 1564 1246 saepe
1580 1200 1819 1245 subaequan-

114 1242 176 1296 tia3
194 1242 297 1279 Inter
314 1244 450 1280 affines
469 1245 579 1281 caule
597 1256 620 1281 a
639 1245 725 1282 basi
754 1246 1082 1283 subdivaricatim
1108 1257 1277 1291 ramoso,
1299 1247 1457 1283 corollis
1478 1247 1605 1291 ssavis,
1628 1250 1709 1291 ete,
1725 1247 1820 1282 insi-

113 1299 211 1335 gnis.

176 1416 239 1457 16.
274 1415 336 1458 N.
371 1418 716 1461 stenosolen
754 1418 910 1471 (Boiss.
949 1422 992 1462 et
1026 1418 1115 1462 Bal.
1151 1418 1304 1472 Diagn.
1350 1418 1443 1461 Ser.
1476 1418 1527 1461 Π.
1567 1420 1607 1472 6,
1642 1433 1681 1474 p.
1710 1420 1816 1469 1023)

112 1476 333 1529 perennis,
361 1479 446 1518 tota
484 1478 590 1519 setis
623 1477 733 1520 albis
762 1478 851 1520 basi
881 1478 1170 1520 tuberculatis
1203 1479 1318 1531 pube
1347 1478 1525 1520 minima
1552 1478 1819 1522 intermixtis

113 1534 294 1587 strigosa
323 1535 589 1589 pluricaulis,
612 1536 809 1579 caulibus
838 1536 1014 1590 pumilis
1041 1537 1197 1579 erectis
1222 1541 1263 1579 et
1286 1537 1458 1579 diffusis
1484 1538 1684 1582 ramosis.
1702 1537 1815 1580 foliis

114 1592 320 1636 brevibus
347 1595 595 1638 lanceolatis
622 1597 774 1641 acutis,
802 1596 1028 1639 floralibus
1052 1596 1250 1650 angustis
1275 1597 1532 1639 acuminatis
1562 1597 1685 1650 longe
1714 1597 1816 1638 stri-

111 1653 391 1705 goso-ciliatis
423 1653 554 1697 ssores
579 1656 907 1708 superantibus.
934 1655 1114 1698 racemis
1142 1656 1272 1697 etiam
1296 1656 1532 1698 fructiferis
1561 1655 1818 1698 densiuscu-

113 1710 179 1759 lis,
207 1712 349 1766 calyce
383 1712 518 1755 deuse
549 1717 590 1755 et
619 1714 830 1768 adpresse
864 1714 1033 1757 hirsuto
1062 1718 1365 1769 praetereaque
1400 1716 1524 1767 longe
1551 1715 1737 1768 strigoso
1764 1714 1818 1756 ad

112 1774 310 1823 quartam
335 1776 501 1825 partem
538 1772 581 1814 Iu
614 1773 767 1816 dentes
795 1774 1239 1826 ovato-triangulares
1266 1773 1370 1816 fisso
1399 1774 1620 1816 fructifero
1648 1774 1814 1816 modice

112 1833 248 1880 aucto,
272 1831 431 1873 corolla
455 1832 590 1874 rubra
615 1836 800 1885 anguste
824 1832 1029 1875 tubulosa
1054 1833 1198 1886 calyce
1221 1833 1293 1875 vix
1317 1833 1664 1887 sesquilongiore
1686 1833 1815 1874 limbo

113 1887 233 1931 brevi
267 1893 410 1933 erecto
447 1891 535 1933 sere
573 1891 839 1937 indistincto,
874 1892 1046 1935 nuculis
1086 1892 1233 1945 parvis
1273 1892 1814 1945 semigloboso-depressis

110 1947 269 1999 glabris
298 1949 766 2005 tuberculato-rugosis
794 1950 1140 1994 albo-maculatis
1164 1955 1308 1994 rostro
1332 1951 1500 1993 laterali
1535 1957 1594 1998 36.

160 2020 258 2058 Hah.
276 2022 316 2058 in
337 2022 588 2070 Cappadocia
607 2024 655 2060 ad
674 2025 824 2061 radices
844 2024 989 2060 montis
1009 2024 1309 2071 Karamasdagh
1328 2024 1417 2068 (Bal
1429 2027 1464 2068 t).

160 2084 300 2121 Caules
318 2096 406 2122 cum
426 2087 713 2124 inssorescentia
733 2088 1007 2135 semipedales,
1025 2089 1169 2124 racemi
1199 2089 1317 2124 etiam
1338 2089 1524 2124 fructiferi
1549 2092 1626 2123 tres
1683 2087 1818 2123 ollices

112 2141 188 2166 non
209 2132 410 2177 excedunt,
441 2134 534 2170 folia
562 2135 701 2171 brevia
730 2136 916 2171 inferiora
941 2135 1145 2182 pollicaria
1170 2135 1234 2172 3-4
1254 2136 1380 2172 lineas
1401 2135 1493 2171 lata.
1515 2135 1629 2171 ssores
1692 2134 1817 2170 lineas

112 2177 229 2224 longi.
256 2179 314 2215 Ex
334 2182 448 2217 unico
467 2183 679 2228 specimine
699 2183 796 2219 mihi
816 2186 922 2223 nota,
948 2194 998 2218 an
1022 2183 1155 2218 forsan
1181 2184 1355 2219 varietas
1381 2182 1592 2229 parvissora
1620 2184 1657 2217 et
1680 2182 1816 2217 micro-

113 2236 228 2273 carpa
238 2227 284 2263 N.
300 2238 578 2276 macrocarpae
586 2229 614 2273 ?‚
633 2231 701 2265 sed
715 2230 868 2276 calyces
884 2231 1011 2266 multo
1026 2231 1153 2276 magis
1172 2232 1328 2277 strigosi
1345 2232 1381 2266 et
1396 2230 1552 2266 corollae
1571 2229 1678 2265 color
1689 2229 1817 2264 diver-

112 2282 190 2308 sus.

662 2407 782 2452 sacr.
819 2408 891 2450 111.
929 2407 1258 2452 CYRTOCARYUM.

176 2551 239 2592 17.
273 2550 338 2594 Ν.
369 2551 713 2594 ventricosa
740 2551 895 2606 (Sibth.
923 2557 965 2595 et
990 2552 1078 2596 Sin.
1115 2552 1172 2595 Fi.
1201 2552 1334 2595 Graec.
1370 2553 1422 2599 ΙΙ,
1450 2567 1487 2607 p.
1518 2553 1585 2594 58.
1612 2552 1696 2593 tab.
1736 2553 1812 2593 168

115 2609 194 2653 sub
219 2610 447 2664 Anchusci]
472 2624 630 2661 annua,
647 2611 761 2664 pube
783 2611 904 2654 brevi
923 2613 1135 2667 adpressit
1159 2613 1351 2665 setisque
1377 2613 1544 2666 sparsis
1570 2611 1816 2653 tubercula-

114 2669 166 2712 tis
190 2670 404 2724 asperula,
439 2670 636 2713 caulibus
661 2683 683 2712 a
712 2671 821 2713 collo
862 2672 1062 2725 pluribus
1095 2673 1326 2724 prostratis
1361 2672 1427 2713 vel
1457 2669 1810 2716 ascendentibus,

115 2728 225 2771 soliis
242 2730 436 2782 oblongis
455 2732 498 2771 et
514 2728 959 2782 oblongo-linearibus
981 2730 1149 2773 obtusis
1169 2731 1429 2773 radicalibus
1452 2730 1539 2771 basi
1562 2729 1812 2778 attenuatis,

116 2799 282 2831 racemo
306 2789 522 2830 terminali
551 2788 734 2842 simplici
753 2789 819 2831 vel
840 2789 974 2832 bilido
992 2790 1167 2831 tandem
1188 2790 1427 2832 laxitisculo
1449 2788 1654 2831 secundo.
1673 2788 1816 2840 calyce

116 2846 166 2888 ad
203 2851 402 2901 quartam
440 2851 608 2901 partem
642 2848 927 2901 quinquefido
963 2848 1166 2891 dentibus
1195 2849 1443 2890 lanceolatis
1472 2848 1609 2890 acutis
1641 2846 1814 2888 tandem

115 2905 238 2948 valde
273 2910 440 2949 accreto
470 2906 680 2949 vesicario
715 2911 910 2951 nutante.
940 2908 1114 2950 corollae
1148 2907 1302 2950 albidze
1336 2908 1509 2949 minutis
1540 2906 1640 2948 tubo
1669 2907 1813 2957 calyce

115 2965 461 3018 sesquilongiore
502 2965 633 3007 limbo
673 2965 794 3008 brevi
835 2967 1017 3020 patenti.
1062 2967 1234 3010 nuculis
1273 2965 1583 3008 reuitbrmibus
1618 2964 1812 3006 curvatis

115 3023 320 3078 utrinque
344 3023 512 3068 obtusis
542 3025 732 3068 tenuiter
759 3026 1144 3079 areolam-rugosis
1177 3030 1241 3077 O.
1287 3025 1336 3067 N.
1363 3024 1609 3067 eentricosa
1636 3022 1809 3066 Griseb.
