2100 3262
272 205 342 241 402
926 205 1336 233 SCROPHULARIACEAE.
1684 193 1985 242 Seropkulama.

271 284 407 338 glabri
449 283 614 325 laciniis
659 279 913 324 orbiculatis
957 278 1208 319 membrana
1247 277 1440 320 scariosa
1474 277 1572 319 alba
1609 276 1874 319 denticulata
1918 277 1983 320 eis

271 335 523 396 angustiore
548 340 820 390 marginatis,
843 338 1003 380 corolla
1034 339 1272 390 purpurea,
1297 336 1560 378 staminibus
1586 336 1786 379 inclusis,
1821 348 1985 389 appen-

271 403 363 444 dice
385 400 624 450 renit'ormi,
650 398 843 453 capsulis
866 397 1013 451 parvis
1034 396 1227 449 globosis
1253 395 1522 437 mucronatis
1546 395 1692 448 calyce
1719 394 1791 437 vix
1817 395 1982 448 longio-

274 461 396 503 ribus
434 467 494 509 26.

320 535 424 571 Hah.
459 534 508 570 ad
538 535 688 580 segetes
718 532 843 579 Syriae
879 529 1046 566 borealis
1077 529 1127 565 ad
1161 528 1406 565 Samandara
1447 529 1548 564 inter
1581 527 1733 575 Aleppo
1768 530 1807 564 et
1836 528 1984 564 Aintab

292 582 470 618 Haussk!
493 611 497 615 i

270 584 286 626 ί
320 637 433 673 Facie
458 585 495 672 e)t
522 636 705 672 foliorum
734 633 888 670 laciniis
907 633 1031 668 acutis
1050 632 1177 667 affinis
1195 630 1233 668 S.
1251 632 1438 667 scarz'osce
1467 630 1596 666 differt
1622 630 1748 675 cymis
1777 630 1982 670 laxissoris,

274 683 439 720 bracteis
454 688 491 719 et
509 683 716 719 bracteolis
733 681 948 723 herbaceis,
962 679 1094 725 calyce
1108 682 1273 724 anguste
1288 689 1358 714 nec
1374 678 1567 714 latissime
1582 676 1877 720 albo-scarioso,
1896 687 1983 724 cap-

270 731 369 767 sulis
386 732 552 767 dimidio
573 730 796 766 minoribus
815 728 949 773 calyce
967 728 1035 762 vix
1055 726 1303 772 longioribus
1321 725 1474 761 obtusis
1494 725 1665 760 breviter
1684 725 1934 760 mucronatis.
2005 772 2010 776 .

1490 803 1493 806 .
1987 780 2009 810 3-

332 831 400 871 32.
434 829 482 872 S.
517 827 984 883 Mesopotamica
1016 826 1178 881 (Boiss.
1202 824 1356 877 Diagn.
1377 824 1470 866 Ser.
1501 823 1532 871 l,
1573 825 1632 868 12,
1660 837 1698 877 p.
1725 822 1800 877 34)
1828 823 1977 875 glabra

272 902 464 942 superne
489 899 618 943 parce
643 892 685 930 et
711 888 879 929 minute
903 885 1175 939 glandulosa‚
1201 886 1323 927 caule
1360 884 1472 927 elato
1506 884 1662 926 obtuse
1698 883 1902 939 angulato
1939 882 1981 924 in

273 949 475 1002 thyrsum
504 950 675 1000 longum
704 950 937 1000 angustum
976 945 1222 997 interrupte
1249 943 1542 996 spicisorinem
1569 942 1771 992 abeunte,
1799 941 1909 985 foliis
1938 942 1979 983 in

275 1008 450 1050 lat-inias
487 1009 636 1060 longas
666 1007 749 1049 late
788 1003 1226 1047 lineari-lanceolalas
1258 1009 1410 1056 argute
1444 1001 1645 1044 dentatas
1672 1000 1885 1055 pinnatim
1912 1000 1981 1043 vel

272 1067 618 1120 subbipinnatini
644 1066 788 1113 sectis,
821 1064 958 1117 cymis
993 1062 1253 1105 brevissime
1288 1062 1594 1115 pedunculatis
1631 1061 1858 1103 confertim
1885 1061 1980 1102 7-9-

273 1126 407 1168 floris.
438 1125 659 1178 peslicellis
697 1125 839 1178 calyce
874 1122 1167 1166 brevioribus.
1205 1120 1393 1163 bracteis
1428 1125 1468 1162 ct
1505 1120 1737 1163 bracteolis
1776 1119 1981 1172 oblongo·

272 1186 533 1239 spatliulatis
562 1186 645 1226 late
673 1184 925 1226 membrana
955 1182 1052 1224 rufa
1085 1181 1282 1235 crispula
1309 1181 1372 1223 eis
1397 1179 1683 1234 subaequilata
1711 1179 1978 1232 marginatis,

269 1246 431 1286 corolla
456 1246 696 1299 purpurea.
722 1241 982 1285 staminibus
1017 1241 1214 1290 inclusis,
1238 1240 1478 1294 appendice
1506 1240 1856 1291 ovato-rotunda,
1883 1250 1980 1291 cap-

270 1304 366 1345 sula
395 1305 589 1345 breviter
616 1302 911 1345 ovato-conica
937 1302 1062 1342 acuta
1084 1300 1229 1352 calyce
1254 1300 1386 1353 duplo
1419 1299 1612 1351 longiore
1636 1298 1704 1353 (2).

318 1377 419 1412 Hah.
441 1378 480 1411 in
501 1375 787 1422 Mesopotamia
806 1375 908 1410 inter
929 1373 1022 1409 Orsa
1039 1376 1077 1409 et
1097 1372 1243 1408 Suerek
1267 1372 1357 1418 (ΚΥ.
1377 1372 1423 1408 57
1437 1374 1473 1417 l).

318 1440 365 1475 Bi
384 1440 445 1475 vel
467 1440 680 1487 tripedalis,
712 1439 872 1474 babitus
891 1441 929 1473 et
946 1437 1040 1472 folia
1059 1436 1097 1473 S.
1116 1437 1303 1472 scariosoe
1319 1446 1342 1470 a
1360 1438 1437 1482 qua
1456 1438 1598 1481 praeter
1615 1434 1799 1470 foliorum
1817 1434 1980 1470 lacinias

270 1488 508 1522 sublatiores
539 1487 668 1522 differt
696 1487 820 1532 cymis
846 1485 1008 1521 brevius
1033 1483 1310 1530 pedunculatis
1341 1483 1500 1518 densius
1530 1482 1723 1526 floriferis,
1750 1482 1918 1518 bracteis
1944 1486 1980 1518 et

269 1534 402 1577 calyce
429 1535 660 1569 membrana
690 1544 769 1569 non
798 1533 912 1568 nivea
935 1533 1001 1567 sed
1029 1532 1335 1577 rufo-purpurea
1352 1534 1389 1566 et
1407 1530 1572 1566 dimidio
1591 1529 1817 1575 angustiore
1836 1531 1979 1575 margi-

270 1584 383 1626 natis,
402 1582 577 1628 capsulis
597 1582 819 1617 minoribus
837 1580 962 1615 acutis
983 1590 1052 1615 nec
1070 1580 1110 1614 in
1129 1581 1301 1614 rostrum
1321 1577 1671 1624 sub-„equilengum
1690 1577 1913 1613 attenuatis.

329 1682 396 1722 33.
433 1680 482 1723 S.
519 1680 896 1723 Michoniana
943 1677 1069 1733 (Coll.
1104 1683 1147 1721 et
1185 1678 1303 1720 Kral.
1338 1678 1378 1720 in
1406 1679 1498 1721 Gat-
1543 1678 1596 1732 pl.
1625 1678 1784 1720 Palest.
1822 1692 1861 1732 p.
1902 1678 1976 1733 13)

272 1744 430 1793 praeter
451 1740 816 1782 inflorescentiam
845 1739 1122 1792 glaber-rima,
1149 1738 1271 1780 caule
1295 1740 1407 1780 elato
1437 1750 1587 1780 crasso
1610 1737 1747 1780 rubro
1769 1738 1977 1791 angulato

269 1799 452 1852 simplici
484 1801 547 1841 vel
577 1800 744 1841 interne
771 1811 897 1851 parce
925 1810 1098 1841 ramoso
1134 1799 1176 1840 in
1208 1797 1408 1851 thyrsum
1440 1797 1584 1839 laxum
1621 1800 1857 1849 angustum
1883 1797 1975 1839 lon·

264 1859 489 1910 gissimum
516 1859 715 1906 abeunte,
749 1858 859 1899 foliis
889 1857 1046 1910 amplis
1078 1857 1243 1899 ambitu
1281 1855 1631 1909 ovato-oblongis
1669 1856 1972 1909 pinnatisectis

268 1918 503 1970 segmentis
532 1918 877 1970 ovato-oblongis
901 1919 1056 1960 obtuse
1093 1916 1281 1958 dentatis
1309 1915 1377 1957 vel
1414 1915 1566 1969 lyratis
1594 1914 1877 1958 inferioribus
1906 1927 1975 1969 pe-

267 1976 475 2018 tiolulatis
507 1977 559 2018 ad
588 1977 711 2018 basin
742 1977 937 2030 petioluli
970 1975 1155 2018 lacinula
1190 1978 1315 2018 ovata
1347 1986 1460 2029 saepe
1485 1975 1636 2023 auctis,
1665 1975 1975 2028 superioribus

267 2047 393 2077 secus
421 2036 637 2078 racliitlem
665 2037 1017 2082 decurrentibus,
1045 2035 1180 2087 cymis
1215 2034 1474 2077 brevissime
1511 2033 1816 2087 pedunculalis
1857 2034 1976 2087 glan-

267 2094 432 2137 dulosis
461 2095 685 2137 confertim
718 2095 955 2142 6-7-floris‚
987 2094 1173 2136 bracteis
1201 2094 1439 2135 linearibus
1481 2093 1618 2146 longis
1655 2091 1975 2147 bracteolisque

267 2155 447 2197 setaccis
472 2153 693 2195 bei-baccis
717 2167 801 2195 11011
833 2153 1098 2206 marginatis,
1124 2153 1346 2206 pedicellis
1370 2153 1513 2206 calyce
1539 2152 1836 2201 brevioribus,
1863 2153 1976 2206 caly-

265 2213 324 2254 cis
353 2213 488 2266 glabri
524 2213 689 2254 laciniis
718 2213 856 2254 oratis
893 2213 1146 2254 membrana
1185 2212 1321 2254 rubra
1349 2212 1553 2264 aequilata
1588 2211 1712 2254 valde
1749 2211 1976 2254 undulato-

264 2272 409 2325 crispa
435 2272 702 2325 marginatis,
728 2273 889 2314 corolla
925 2271 1176 2314 flavescenti
1212 2271 1324 2313 labio
1361 2272 1591 2324 superiore
1626 2271 1761 2312 inulto
1798 2271 1975 2324 maJore,

265 2331 526 2374 staminibus
553 2331 751 2379 inclusis,
776 2331 1015 2386 appendice
1037 2332 1168 2383 parva
1191 2330 1446 2379 orbiculata,
1470 2330 1647 2383 capsula
1672 2329 1974 2383 subspliaerica

263 2390 449 2444 abrupte
475 2395 517 2433 et
543 2391 811 2443 longiuscule
834 2392 1089 2432 mucronata
1115 2391 1260 2443 calyce
1284 2389 1418 2443 duplo
1447 2389 1640 2442 longiore
1655 2389 1726 2444 (ᾖ
1757 2388 1798 2431 S.
1824 2387 1974 2430 rubri-

263 2449 404 2490 ecmlis
430 2450 568 2492 Boiss.
600 2450 748 2503 Diagn.
781 2449 874 2492 Ser.
906 2450 934 2501 1,
961 2447 1029 2493 ‘1:2.
1052 2462 1099 2501 p.
1132 2450 1202 2490 34.

314 2523 414 2558 Hal).
435 2524 474 2558 iu
494 2523 651 2559 Galilezi
678 2524 726 2557 ad
758 2523 870 2558 Jenin
900 2525 938 2557 et
968 2523 1066 2557 inter
1094 2521 1240 2556 Eanias
1267 2523 1304 2556 et
1330 2521 1583 2557 Tiberiadem
1613 2525 1729 2568 atque
1760 2521 1976 2567 Coelesyria

264 2570 365 2604 inter
385 2571 569 2615 Hasbeya
590 2575 625 2606 et
650 2571 855 2616 Rascbeya
873 2570 1053 2613 (boissi),
1084 2571 1122 2604 in
1151 2569 1303 2604 Libano
1322 2568 1372 2603 ad
1391 2569 1537 2604 Gbasir
1556 2573 1594 2604 et
1612 2569 1725 2615 Syria
1744 2568 1904 2604 littorali
1925 2569 1974 2604 ad

262 2617 446 2653 Sidonem
477 2619 515 2652 in
542 2617 667 2653 alveis
687 2621 722 2653 et
744 2618 791 2653 {ul
812 2628 924 2664 sepes
943 2616 1067 2662 (Gaill
1083 2619 1119 2661 l),
1149 2617 1248 2652 inter
1268 2615 1420 2662 Tripoli
1443 2620 1479 2652 et
1499 2617 1628 2652 Hama
1646 2616 1757 2661 (ΒΗ),
1787 2617 1827 2651 in
1846 2616 1974 2652 Pales-

265 2665 344 2699 tina
370 2666 421 2700 ad
441 2665 764 2711 Hierosolymam
783 2665 931 2709 (Roth).

321 2730 363 2784 β.
399 2731 651 2773 tenetis-ecta.
686 2756 734 2761 —
767 2731 986 2773 Foliorum
1026 2734 1254 2782 segmenta
1293 2733 1335 2771 et
1376 2729 1541 2771 laciniae
1584 2729 1838 2772 diminutae.
1877 2729 1978 2771 folia

263 2791 397 2843 tnagis
426 2790 733 2844 decomposita,
757 2790 938 2843 tliyrsus
961 2789 1263 2830 abbreviatus.
1294 2813 1344 2819 -
1377 2787 1418 2830 S.
1446 2787 1801 2830 HIeroclmntina
1831 2788 1971 2830 Boiss.

262 2848 338 2890 loc.
364 2850 434 2892 cit.
466 2864 490 2902 p
527 2851 605 2891 35.

310 2922 408 2957 Hal).
438 2922 477 2957 in
500 2923 701 2959 palestina
719 2923 768 2957 ad
789 2922 992 2957 meridiem
1012 2921 1117 2956 Gaza
1147 2924 1184 2956 et
1209 2921 1308 2957 circa
1335 2920 1489 2956 Jericbo
1518 2921 1556 2955 in
1590 2920 1763 2956 humidis
1789 2919 1972 2965 (Boissl)‚

260 2969 302 3003 in
322 2970 538 3016 coelesyria
559 2971 658 3005 inter
681 2970 800 3016 Merdj
822 2973 858 3005 et
878 2968 1030 3004 Leitani
1045 2968 1219 3013 (Gailll).
