2065 3271
87 219 452 267 Eehinospermum.
794 226 1076 253 BonnAGmEAE.
1720 220 1791 256 253

85 299 426 354 triangularibus
466 300 628 354 praeter
654 297 821 340 discum
856 310 983 353 parce
1022 299 1340 343 tuberculatum
1380 300 1544 354 glabris
1582 301 1788 345 dentibus

82 359 425 414 triangularibus
456 357 550 401 basi
575 357 690 399 inter
713 368 759 399 sc
786 358 948 400 coalitis
984 359 1102 412 apice
1137 359 1408 413 glocliidiatis
1441 371 1599 403 versus
1634 361 1786 404 faciem

83 421 252 465 nuculae
276 417 471 460 incurvis
501 416 798 459 uniserialiter
820 417 1076 470 marginatis
1104 422 1150 469 O
1185 418 1250 460 vel
1279 418 1346 473 .-

131 485 232 521 Hab.
250 484 290 519 in
305 483 438 519 Persia
455 480 604 518 boreali
622 491 742 527 prope
757 479 963 517 Schahrud
980 482 1079 528 [Bge
1090 485 1126 527 l),

131 538 424 587 Sesquipedale‚
454 537 683 573 tenuissime
715 537 926 582 vii-gamm,
956 538 1185 583 rigidulum,
1218 539 1331 575 flores
1364 550 1384 576 e
1414 541 1590 577 minimis
1622 542 1788 587 generiS,

84 588 237 626 nuculae
259 587 298 623 in
312 585 565 669 ¹pyramidem
586 584 654 619 vix
683 582 830 619 lineam
861 584 1020 630 longam
1053 586 1350 632 approximatae.
1382 587 1443 623 Ob
1472 589 1635 624 nuculas
1664 599 1787 624 mem-

85 636 208 673 brana
237 644 307 682 pro
330 633 431 670 unde
463 632 623 668 dentata
653 631 906 677 marginatas,
939 631 1137 668 mediante
1167 632 1213 670 E.
1245 635 1476 680 maryz'nato
1508 637 1714 671 transitum
1737 637 1787 670 ab

85 682 391 730 Echinospermo
409 680 458 716 ad
477 679 763 725 Paracaryum
789 678 950 725 praebet,
968 678 1028 714 illi
1049 681 1180 716 tamen
1199 682 1384 717 omnibus
1405 684 1506 718 notis
1526 683 1786 719 adnumeran-

84 730 190 766 dum.

148 864 212 905 15.
246 861 304 904 E.
334 858 760 904 sessilissorum
787 857 950 914 (Boiss.
984 858 1135 912 Diagn.
1167 858 1259 901 Ser.
1289 860 1320 910 Ι,
1352 860 1416 912 11,
1445 873 1484 913 p.
1518 861 1618 915 124)
1649 862 1788 915 pumi-

84 922 173 965 lum
215 919 551 975 adpressissime
592 917 952 969 sericeo-canum,
992 919 1114 960 caule
1156 918 1277 961 tenui
1322 919 1505 973 simplici
1546 920 1612 961 vel
1660 932 1787 974 parce

86 991 257 1024 ramoso
279 980 370 1022 fere
391 991 414 1020 a
435 977 524 1020 basi
552 988 747 1020 racemos
771 977 944 1020 soliosos
967 980 1121 1020 tenues
1145 976 1392 1020 fructiferos
1419 978 1541 1020 valde
1567 979 1788 1031 elongatos

86 1040 205 1083 laxos
233 1038 515 1082 unilaterales
550 1035 710 1085 edenti,
748 1035 861 1078 foliis
895 1035 1091 1078 breviter
1122 1035 1361 1078 linearibus
1389 1037 1573 1087 obtusis,
1601 1038 1786 1081 bracteis

85 1098 216 1142 flores
235 1096 561 1152 superantibus,
580 1093 763 1137 floribus
785 1095 1016 1138 sessilibus
1032 1095 1238 1148 minimis,
1258 1095 1417 1138 corolla
1442 1095 1625 1139 caerulea
1644 1097 1787 1150 calyce

87 1157 160 1200 vix
187 1157 394 1211 longiore,
421 1155 580 1209 calycis
619 1154 834 1197 fructiferi
869 1154 1112 1197 subaccreti
1152 1155 1317 1197 laciniis
1354 1154 1617 1210 patentibus,
1646 1156 1785 1198 fructu

83 1215 226 1260 sessili
246 1215 407 1270 patenti
424 1213 712 1270 pyramidato.
728 1213 899 1257 nuculis
922 1218 1048 1257 acute
1064 1213 1406 1267 triangularibus
1426 1214 1620 1268 undique
1640 1215 1787 1256 tuber-

83 1275 238 1320 culatis
258 1274 451 1328 margine
467 1273 760 1316 crassiusculo
781 1272 1097 1316 nnilateraliter
1113 1272 1601 1327 glocliidiato-aculeatO.
1616 1275 1787 1316 nucula}

86 1334 331 1389 superioris
357 1333 548 1387 margine
576 1333 621 1375 in
648 1331 942 1375 membranam
971 1333 1168 1375 latiorem
1197 1331 1538 1376 calathiformem
1568 1332 1786 1375 dentatam

81 1393 305 1436 interdum
331 1393 509 1436 dilatato
540 1396 605 1443 Θ.
634 1391 982 1445 Heterocarymn
1005 1390 1301 1433 divaricatum
1325 1390 1492 1435 Stocks.

131 1458 233 1495 Hah.
251 1459 292 1495 in
309 1457 515 1495 Persiaad
534 1457 706 1505 Ispahan
734 1457 875 1502 (Aueh.
893 1457 989 1493 5017
1003 1459 1042 1502 ἱ),
1069 1457 1120 1493 ad
1139 1457 1373 1493 Ssertschah
1401 1461 1437 1494 et
1464 1458 1504 1493 in
1532 1459 1615 1493 toto
1637 1459 1788 1494 ambitu

79 1505 226 1543 deserti
243 1507 398 1553 magni(
408 1506 546 1552 Bunge
559 1507 595 1551 l),
614 1506 654 1541 in
670 1504 899 1541 Belutschia
917 1505 968 1541 ad
984 1505 1187 1541 Doubund
1203 1504 1405 1550 (Stocksl).

130 1563 364 1601 Floriferum
391 1563 635 1612 bipollicare‚
653 1562 851 1611 fructiferi
875 1573 1055 1599 racemus
1079 1562 1377 1610 4-6-poliicaris‚
1401 1563 1515 1599 flores
1531 1565 1574 1598 -et
1597 1563 1746 1599 fructus
1767 1573 1786 1599 e

82 1612 269 1656 minimis,
278 1611 433 1648 nuculae
448 1611 544 1648 utin
562 1610 608 1647 E.
641 1609 830 1648 Vahlz'ano
845 1611 886 1647 in
900 1610 1150 1658 pyramidem
1169 1614 1358 1646 concretae
1370 1610 1439 1646 sed
1452 1609 1656 1657 partibiles
1671 1610 1785 1646 lineae

85 1658 127 1702 ’lo
143 1660 211 1695 vix
226 1659 377 1706 longae3
396 1659 520 1695 altera
536 1658 748 1706 (superior)
763 1658 960 1694 interdum
976 1658 1209 1694 membrana
1221 1657 1485 1694 calathiformi
1506 1657 1636 1693 obsita
1648 1658 1788 1693 nixum

83 1706 132 1742 ad
150 1706 433 1761 Par-aearyum
450 1706 702 1742 demonstrat.
737 1705 901 1742 Nuculis
932 1705 1155 1741 heteromor
1186 1705 1247 1741 his
1268 1705 1318 1741 ad
1339 1706 1553 1741 sectionem
1573 1704 1784 1742 Heteroca-

80 1764 198 1801 ryam
217 1754 364 1791 accedit
382 1753 451 1790 sed
469 1753 610 1790 habitu
631 1753 795 1789 omnino
818 1753 972 1790 alienus
989 1757 1027 1789 et
1046 1764 1147 1789 nucu
1169 1763 1201 1788 ae
1221 1752 1462 1800 separabiles

82 1882 417 1932 PARACARYUM
455 1882 610 1942 (Boiss.
644 1877 788 1945 Diaqn.
818 1885 908 1931 Ser.
938 1882 974 1940 i,
1009 1882 1082 1937 fl,
1119 1897 1156 1945 p.
1185 1882 1306 1943 128).
1347 1910 1404 1917 —
1451 1881 1784 1945 Omphalodes

144 1948 273 1996 Sect.
299 1948 335 1996 I.
361 1976 425 1983 —
452 1948 849 1997 Pseudanch-usa
873 1953 923 1997 et
945 1948 1076 1996 Sect.
1113 1948 1173 1996 ΙΙ.
1201 1947 1484 2009 Paracaryi
1508 1946 1538 2012 g
1565 1947 1607 2005 1,
1635 1959 1782 2009 atque

146 2013 327 2062 Muttia
353 2013 481 2062 Sect.
515 2012 545 2061 3
579 2026 673 2061 uc.
702 2013 878 2062 Prodr.

142 2141 281 2198 Calyx,
302 2144 705 2200 quinquepartitus.
741 2144 913 2188 Corolla
936 2144 1355 2188 infundibulisormis
1380 2144 1484 2187 tubo
1516 2145 1614 2198 plus
1640 2145 1784 2186 minus

78 2203 291 2257 elongato,
318 2203 447 2246 limbo
480 2205 775 2260 quinquelobo
803 2206 1135 2259 erecto-patulo.
1167 2203 1358 2246 Stamina
1396 2203 1560 2250 inclusa
1586 2203 1780 2246 antlieris

83 2255 284 2316 ellipticis
306 2261 526 2306 filamento
552 2264 837 2318 longioi·ibuS‚
864 2264 1020 2317 stigma
1042 2264 1292 2319 capitatum.
1317 2262 1495 2306 Nuculae
1520 2263 1631 2316 stylo
1658 2274 1786 2317 pyra-

81 2320 242 2364 midato
270 2321 508 2365 lateraliter
542 2324 678 2366 affixae
704 2323 991 2366 ascendentes
1019 2323 1137 2366 disco
1163 2322 1448 2365 tuberculatae
1484 2322 1627 2364 rarius
1656 2322 1783 2364 laeves

81 2380 334 2433 marginatae
359 2382 613 2425 membrana
637 2383 703 2425 vel
729 2382 878 2425 inflata
898 2382 1129 2436 introflexa
1150 2386 1193 2424 et
1213 2386 1316 2423 tunc
1344 2381 1571 2424 urceolatae
1595 2382 1661 2422 vel
1686 2391 1784 2433 cya-

80 2437 320 2490 wirot-mes,
342 2439 412 2482 vel
434 2442 562 2496 plana
585 2445 659 2485 aut
683 2441 1015 2486 concaviuscula
1038 2454 1123 2484 non
1146 2440 1389 2483 inlrossexa.
1414 2463 1467 2472 --
1496 2439 1651 2482 Herbae
1677 2438 1781 2481 facie

80 2495 348 2551 Cynoylossi.
372 2523 430 2530 —
455 2498 606 2545 Genus
632 2500 896 2554 Gynoylosso
934 2501 1096 2543 corolla
1125 2500 1280 2549 simile,
1311 2499 1364 2541 ab
1391 2510 1440 2541 eo
1469 2500 1613 2541 fructu
1648 2500 1695 2541 ut
1736 2498 1778 2539 in

83 2554 344 2608 omphalode
365 2562 408 2602 et
431 2557 588 2602 Matticz
609 2560 1203 2613 membranaceo-margin‘ato
1228 2559 1494 2601 distinctum.
1521 2557 1569 2600 P.
1591 2567 1783 2598 marran-

80 2612 205 2656 thum
229 2620 269 2659 et
297 2616 646 2673 calathicarpecm
683 2620 919 2663 transitum
953 2618 1150 2674 praebent
1185 2618 1299 2661 inter
1334 2617 1548 2660 sectiones
1585 2616 1707 2658 binas
1742 2619 1784 2657 et

82 2685 258 2729 quoque
288 2675 341 2718 ad
366 2675 762 2731 Echinospermzem
788 2681 912 2734 cujus
947 2678 1115 2733 species
1155 2676 1372 2720 nonnullae
1410 2676 1590 2718 miculas
1624 2674 1783 2716 liabent

82 2731 286 2778 dentibus
313 2734 404 2779 basi
429 2736 710 2781 subconnatis
737 2738 1001 2792 marginatas
1029 2737 1105 2780 sed
1130 2749 1216 2780 non
1248 2736 1498 2778 membrana
1518 2738 1665 2777 auctas

497 2879 747 2934 specierum
774 2881 1068 2925 Orientalium
1095 2880 1366 2924 de’strihutio.

140 3002 262 3048 Scor.
299 3004 328 3047 l.
365 3005 717 3053 Eunaacmmn-
740 3008 875 3053 Boiss.
903 3009 1054 3063 Diagn.
1079 3008 1173 3053 Ser.
1200 3008 1231 3062 1,
1264 3009 1327 3062 11,
1355 3021 1395 3063 p.
1433 3008 1522 3051 129.
1555 3030 1604 3039 —-
1635 3005 1783 3049 Nucu—
