2065 3271
133 223 444 266 Areeuthobz'um.
820 228 1139 256 LORANTHACEAE.
1730 219 1822 255 1069

130 309 413 357 uuilocellatis
431 308 537 349 rima
556 307 887 349 dehiscentibus.
912 304 1034 347 Fem:
1058 304 1119 345 Fl.
1141 304 1394 356 pedicellati.
1422 306 1551 358 Calyx
1573 306 1720 347 orario
1747 305 1819 346 ad-

130 374 268 418 natus,
296 371 448 409 ovatus
474 377 747 419 compressus
772 365 889 419 apice
915 363 1022 404 rima
1052 366 1255 415 perlusus
1285 364 1423 405 hians.
1463 364 1622 416 Stigma
1648 364 1817 414 sessile,

130 427 303 473 ovulum
331 426 529 466 inferum.
566 425 697 467 Bacca
733 424 841 465 sicca
869 422 1042 464 elaslice
1075 433 1095 461 a
1130 421 1334 473 pedicello
1367 423 1557 475 sejuncta
1591 427 1633 464 et
1665 435 1811 465 semen

130 485 369 542 projiciens.
405 506 462 511 —-
498 482 719 524 Suffrutex
763 481 1017 533 parasiticus
1060 479 1206 532 glaber
1249 480 1486 523 dicliotome
1527 485 1568 524 et
1615 482 1813 535 opposite

129 542 450 588 ramosissimus
477 541 676 595 apliyllus
701 541 801 582 facie
825 536 1097 581 Salicornioe.

187 659 226 700 l.
251 658 313 700 A.
333 655 621 711 oxycedri
641 656 737 712 (ne.
763 656 825 697 Fl.
853 655 919 696 Fr.
949 653 1015 698 [V.
1037 666 1072 706 p.
1096 654 1180 694 274
1202 653 1284 694 sub
1313 653 1449 706 Viaco)
1468 656 1809 697 ramosissimum

127 718 338 772 glabrum,
371 715 550 757 ramulis
589 715 796 768 oppositis
834 713 1173 764 ‹licliotomisque
1207 711 1368 753 strictis
1404 713 1812 767 lereti-compressis

127 776 318 819 breviter
342 773 592 821 articulatis,
625 773 733 815 soliis
761 773 811 815 ad
840 783 1043 825 squamas
1078 770 1366 821 triangulares
1391 770 1431 810 iu
1470 772 1688 823 vaginulas
1718 784 1812 814 con-

128 838 246 877 natas
272 832 476 883 reductis,
492 831 672 873 floribus
697 830 898 874 masculis
920 830 960 870 iu
990 829 1138 871 ultimo
1155 828 1334 869 articulo
1359 829 1595 871 sessilibus.
1617 830 1811 872 femineis

127 892 198 935 M
220 893 260 933 in
281 891 421 932 axillis
445 891 662 943 supremis
687 889 1073 941 terminalibusque
1098 887 1353 928 brevissime
1376 887 1652 939 pedicellalis,
1674 889 1812 930 baccis

125 950 315 995 ovoideis
348 955 405 996 26.
436 948 489 989 Ie.
520 947 633 990 Clus.
661 949 769 990 Hist.
793 949 860 990 39.
892 972 936 977 -
973 946 1022 988 A.
1049 944 1265 998 Osgscedri
1292 945 1400 987 ΜΒ.
1425 946 1553 988 Taur.
1578 947 1705 988 (lauc.
1738 946 1811 999 ΠΙ,

126 1022 164 1064 p.
193 1010 290 1050 6⁰29.
310 1032 366 1037 —
392 1006 729 1049 Raznmowskia
755 1006 989 1048 Caucasz'ca
1009 1004 1163 1047 Hoflm.

170 1082 270 1118 Hah.
293 1081 333 1116 in
353 1080 551 1127 Jum'perz's
582 1080 818 1127 (Oxycedro,
845 1080 1062 1126 rufeseencc',
1091 1075 1314 1125 drupaced)
1354 1079 1562 1124 parasitica
1592 1080 1630 1113 in
1658 1081 1812 1123 regione

124 1129 296 1166 inferiori
325 1130 362 1163 et
389 1130 586 1172 montana,
621 1128 771 1163 Graecia
800 1128 839 1162 in
862 1128 1046 1162 Parnassi
1074 1126 1235 1171 regione
1263 1125 1435 1160 abietina
1466 1126 1655 1170 (Gaiae-l),
1684 1127 1810 1162 Mace-

123 1176 242 1213 donia
275 1174 456 1210 australis
485 1174 642 1220 (Frivl)‚
674 1175 830 1209 Taurus
864 1174 1045 1209 Cilicicus
1085 1183 1205 1218 prope
1246 1171 1377 1207 Giilek
1411 1172 1510 1217 (Kyl
1543 1172 1665 1218 Ball),
1699 1184 1814 1208 mons

123 1222 362 1263 Akkerdaizh
386 1221 507 1256 Tauri
538 1221 741 1257 Cataoniei
766 1219 991 1265 (Hausskl),
1019 1220 1198 1255 Libanus
1223 1229 1344 1264 supra
1373 1219 1482 1253 Edon
1510 1219 1811 1265 (Dim-Tauria

124 1270 284 1314 (Stevl)‚
316 1269 440 1303 Iberia
459 1268 672 1302 Caueasica
700 1267 847 1312 (MR),
877 1267 1010 1302 Persia
1036 1266 1206 1301 borealis
1230 1267 1269 1300 in
1286 1267 1381 1311 Jugo
1400 1265 1544 1301 Elbrus
1571 1276 1691 1312 prope
1712 1266 1812 1302 Rad-

122 1316 228 1352 kann
248 1317 286 1351 in
303 1314 395 1351 Jun.
416 1312 565 1351 Sabina*
584 1314 788 1359 (Buhsel).

169 1379 230 1413 Ar.
254 1378 386 1422 Geoqr.
412 1378 632 1422 Lusitania,
653 1375 856 1423 Hispania,
885 1375 1017 1412 Gallia
1042 1375 1410 1421 austro-orientalis,
1443 1375 1569 1421 Istria,
1601 1375 1802 1411 Dalmatia

121 1424 269 1470 Serbia,
289 1425 423 1460 Africa
439 1424 622 1459 borealis.

632 1590 926 1638 Lemannus
957 1590 1017 1651 (L.
1045 1590 1141 1638 een.
1168 1589 1287 1650 443).

178 1721 325 1765 Flores
349 1722 688 1775 hermaphrodili
716 1722 858 1764 rarius
883 1722 1018 1764 dicici.
1046 1721 1212 1776 Calycis
1240 1721 1373 1764 tubus
1398 1724 1552 1764 ovatus
1582 1723 1649 1763 vel
1675 1721 1809 1764 turbi-

119 1785 246 1824 natus
271 1793 366 1823 cum
397 1781 542 1824 ovario
566 1784 788 1831 eonnatus,
815 1780 972 1822 limbus
999 1781 1286 1823 brevissimus
1314 1783 1541 1823 truncatus
1568 1782 1635 1823 vel
1663 1781 1810 1822 denia-

120 1843 202 1883 tus.
244 1839 388 1882 Petala
423 1841 495 1882 4-8
520 1852 688 1882 summo
712 1839 814 1882 tubo
837 1839 992 1893 calycis
1017 1841 1181 1882 inserla
1213 1839 1347 1881 libera
1382 1839 1448 1881 vel
1482 1839 1571 1881 basi
1597 1844 1809 1891 concreta,

119 1898 301 1941 valvata.
338 1898 527 1941 Stamina
553 1898 705 1952 petalis
737 1898 946 1953 opposita,
974 1899 1191 1940 filamenta
1217 1898 1280 1940 eis
1313 1897 1404 1939 basi
1433 1899 1498 1940 vel
1529 1897 1581 1940 ad
1617 1898 1807 1940 medium

118 1957 283 1999 adnata.
312 1957 518 1999 Antlierae
538 1957 809 1999 biloculares.
840 1955 988 2010 Stylus
1011 1954 1237 2008 filiformis‚
1265 1956 1416 2008 stigma
1442 1957 1639 2010 simplex.
1673 1958 1807 1999 Bacca

118 2018 241 2058 ovata
266 2016 332 2058 vel
350 2016 566 2059 turbinata
593 2015 871 2058 uuilocularis
891 2027 1204 2072 monosperma.
1228 2038 1284 2045 —-
1307 2015 1565 2058 Suffrulices
1587 2015 1805 2069 parasiticl

119 2074 395 2128 oppositifolii
425 2074 528 2117 facie
558 2074 681 2117 Visci.

117 2231 235 2276 SECT.
274 2233 303 2274 Ι.
340 2235 650 2277 EULORANTHUS
671 2247 750 2278 uc.
773 2234 924 2277 Prodr.
954 2234 1025 2285 IV,
1068 2248 1105 2288 p.
1134 2236 1233 2277 286.
1261 2259 1316 2264 —
1345 2235 1490 2277 Petala
1523 2235 1599 2276 4-6
1623 2235 1800 2289 aequalia

321 2293 531 2336 distincta.
556 2294 759 2336 Antlierae
785 2292 1125 2347 ovato-oblongae
1146 2296 1300 2337 ereetae
1324 2294 1389 2337 vel
1416 2293 1594 2336 adnatae.

178 2419 209 2460 1.
247 2417 301 2460 L.
335 2418 660 2474 Europaeus
694 2419 742 2473 (L
794 2419 863 2473 Sp.
903 2420 1030 2471 16702)
1065 2420 1213 2473 glaber
1243 2421 1440 2474 opposite
1482 2420 1804 2462 ramosissimus

117 2477 248 2519 ramis
272 2478 499 2530 teretibus,
525 2478 635 2520 soliis
659 2479 868 2532 oppositis
902 2479 1115 2532 petiolatis
1143 2479 1604 2533 oblongo-spalliulalis
1637 2477 1803 2521 obtusis

119 2546 243 2587 parce
268 2537 438 2579 venosis
462 2537 552 2578 basi
577 2538 823 2585 attenuatis,
853 2537 1033 2580 floribus
1063 2539 1208 2591 parvis
1234 2538 1393 2590 saepius
1422 2537 1569 2579 dioicis
1593 2536 1802 2591 oppositis

119 2594 384 2636 ochroleucis
419 2595 462 2637 in
498 2597 637 2648 spicas
673 2596 890 2650 simplices
928 2596 1047 2639 laxas
1084 2596 1240 2640 breves
1282 2597 1531 2638 terminales
1566 2595 1802 2648 dispositis,

119 2653 271 2704 petalis
299 2665 375 2695 sex
400 2654 635 2696 linearibus
669 2655 867 2697 recurvis
895 2655 1039 2709 calyce
1063 2655 1498 2709 sesquilongioribus‚
1524 2655 1647 2696 bacca
1679 2655 1802 2696 ovata

118 2709 228 2752 flava
246 2717 280 2759 5.
308 2711 364 2754 Ie.
386 2711 503 2767 Jacq.
526 2713 675 2755 Austr.
702 2713 785 2756 tab.
812 2714 888 2756 30.7

164 2781 263 2818 Hab.
288 2785 517 2830 parasiticus
544 2785 593 2821 ad
622 2785 860 2823 Castaneam
888 2796 1043 2824 vescam
1073 2789 1112 2823 in
1146 2790 1279 2823 monte
1302 2787 1458 2822 Malevo
1486 2786 1663 2822 Laconioe
1695 2785 1800 2823 3000*

119 2828 271 2867 (Heldrl
292 2831 344 2866 Or
374 2832 410 2866 h.
434 2831 491 2867 Fl.
519 2833 584 2868 Gr.
610 2843 690 2868 exs.
717 2833 834 2879 2901),
864 2834 912 2869 ad
935 2834 1113 2876 Quercus
1144 2836 1183 2870 in
1215 2835 1382 2870 Arcadia}
1411 2833 1565 2879 (Bory)‚
1599 2834 1803 2869 montibus

117 2873 264 2930 Eubeae
286 2878 344 2912 De
364 2878 430 2924 phi
453 2882 490 2914 et
508 2880 632 2915 Athos
651 2880 892 2916 Macedoniae
911 2881 1085 2927 (Simu).
1111 2881 1172 2917 Ad
1189 2881 1426 2917 Castaneam
1450 2882 1489 2915 in
1510 2883 1639 2916 monte
1661 2880 1802 2916 Tmolo

117 2920 252 2977 Lyfhfss
284 2924 384 2960 cirea
411 2925 595 2972 Bozdagh
633 2926 786 2971 (Boissl
820 2927 901 2963 Bal.
933 2928 1051 2974 3871),
1085 2929 1339 2965 Kurdistania
1369 2927 1505 2972 (Barre
1538 2927 1583 2962 de
1618 2928 1802 2972 Lancyi)‚

117 2967 264 3006 Clllclae
297 2973 406 3018 regio
439 2976 627 3009 montana
654 2975 754 3021 (Kyl
784 2974 906 3022 Ball),
936 2976 1094 3012 Taurus
1125 2976 1361 3012 Cataonieus
1392 2974 1615 3021 (Hausskl)‚
1649 2976 1802 3010 montes
