2065 3271
112 294 301 343 Dzjqitalzs.
774 301 1190 329 SCROPHULARIACEAE.
1757 297 1827 335 431

162 375 201 420 5.
233 378 291 420 D.
327 375 653 419 orientalis
687 374 836 429 (Lam.
870 376 976 417 Dict.
1004 375 1058 426 ΙΙ,
1085 388 1121 428 p.
1142 375 1248 429 280)
1273 374 1396 416 caule
1414 375 1565 428 glabro
1590 378 1633 419 in
1660 379 1827 433 spicam

103 437 243 480 laxam
267 437 560 488 interruptam
579 435 771 477 abeunti.
800 436 915 478 foliis
933 435 1096 488 glabris
1124 434 1355 475 sessilibus
1373 439 1562 487 auguste
1582 437 1825 482 linearibus

103 496 424 550 subgramineis
463 494 722 536 acuminatis
763 493 1288 543 incurvo-subssexuosis‚
1328 494 1503 535 racliide
1546 497 1827 549 glanduloso-

101 555 273 607 villosa,
302 554 485 597 ssoribus
512 553 693 595 remotis
717 553 1051 601 subsessilibus‚
1078 550 1265 593 bracteis
1293 553 1543 596 lanceolatis
1563 557 1825 600 acuminatis

100 613 386 658 inferioribus
406 613 565 666 calycis
596 612 866 665 longitudine
891 613 1059 656 cacteris
1083 611 1379 661 brevioribus,
1397 613 1555 666 calycis
1577 615 1825 669 lanuginosi

100 673 269 716 laciniis
309 672 511 726 ellipticis
546 672 728 720 obtusis,
768 673 942 714 corollae
969 671 1125 713 albidas
1165 670 1315 723 pilosae
1356 670 1459 712 tubo
1493 674 1640 716 subito
1673 675 1823 718 inflato

99 732 305 775 obcouico
329 732 488 774 subtus
513 731 639 773 valde
668 729 795 784 gibbo
825 731 936 773 lobis
965 729 1274 784 superioribus
1309 735 1351 771 et
1378 730 1657 775 intermediis
1693 735 1822 777 obso-

99 791 197 834 letis
222 792 428 834 inferiore
456 794 658 845 porrecto
683 791 1144 844 oblongo-spathulato
1173 788 1330 831 obtuso
1361 790 1464 831 tubo
1488 793 1732 846 aequilongo
1762 800 1821 841 2².

98 848 156 893 Ic.
190 851 284 893 Bot.
312 848 416 904 Mag.
447 848 532 891 tab.
562 847 867 892 2253.Lind1.
908 850 1017 891 Mon.
1057 848 1141 891 tab.
1175 846 1230 889 ‘16
1259 849 1367 890 mala
1397 848 1553 895 (forma
1579 851 1764 905 hybrida
1781 854 1822 909 ⁰2)

99 932 152 940 ·-—
180 910 305 952 .laub.
332 915 375 953 et
400 910 474 964 Sp.
502 909 569 952 Ill.
598 910 686 950 tab.
712 910 809 951 409.

144 982 246 1018 Hab.
274 982 314 1018 in
350 975 483 1019 monte
515 982 655 1017 Haemo
685 981 865 1017 Thraciae
898 982 1018 1027 (Friv.
1049 992 1097 1017 ex
1129 980 1314 1026 Griseb.]‚
1348 980 1538 1026 Bithynia
1565 994 1685 1030 prope
1719 984 1821 1022 Bolu

95 1029 254 1075 (Festo,
299 1030 458 1066 Galatia
492 1033 529 1065 et
557 1029 833 1076 Paphlagonia
862 1029 1105 1075 (Wiedeml),
1149 1029 1274 1064 Ponto
1313 1028 1505 1073 (Tchiht),
1543 1032 1734 1066 Armenia
1771 1033 1819 1069 ad

95 1076 302 1113 Gumusch
324 1077 462 1114 Khane
483 1077 680 1123 (Bourgl).

140 1143 203 1178 Ab
221 1143 328 1178 affini
350 1142 398 1178 D.
417 1140 561 1179 ζαηαιᾶ
580 1142 686 1178 foliis
703 1144 884 1188 angustis
903 1144 941 1177 et
958 1141 1123 1177 floribus
1143 1140 1295 1176 dissitis
1314 1140 1509 1176 distincta.

154 1265 193 1306 6.
229 1265 287 1307 D.
322 1264 628 1312 Cariensis
660 1263 808 1318 (Boiss
839 1264 883 1305 in
908 1262 1069 1304 Pinard
1087 1274 1178 1304 exs.
1207 1261 1313 1304 1843
1333 1285 1386 1290 —
1405 1261 1558 1314 Diagn.
1584 1261 1680 1304 Ser.
1705 1261 1756 1310 11,
1777 1264 1816 1315 3,

93 1336 134 1378 p.
161 1321 268 1378 159)
294 1324 418 1367 caule
442 1323 592 1377 glabro
631 1324 671 1365 iu
703 1324 867 1378 spicam
904 1322 1082 1365 brevem
1117 1319 1445 1363 densiusculam
1482 1321 1675 1372 abeunti,
1704 1322 1818 1366 soliis

90 1381 256 1436 glabris
297 1383 723 1425 lineari-lanceolaus
760 1382 993 1425 sessilibus
1030 1380 1309 1430 acuminatis,
1340 1379 1516 1422 racbide
1554 1379 1816 1426 brevissime

91 1442 565 1497 pruinoso-puberula.
606 1441 794 1484 bracteis
831 1442 1041 1484 velutinis
1071 1439 1324 1482 lanceolatis
1351 1439 1612 1482 acuminatis
1644 1441 1815 1495 calyces

91 1502 388 1555 aequantibus,
423 1501 607 1544 ssorIbus
648 1502 846 1544 breviter
874 1500 1163 1556 pedicellatis,
1201 1498 1360 1552 calycis
1394 1498 1591 1541 breviter
1630 1500 1815 1543 velutini

89 1560 257 1602 laciniis
284 1561 534 1604 lanceolatis
561 1562 700 1603 acutis
728 1564 853 1614 longe
880 1560 1162 1612 mucronatis‚
1197 1558 1371 1600 corollae
1397 1569 1542 1611 parvae
1571 1559 1815 1611 pubescen-

89 1619 146 1662 tis
171 1632 193 1662 e
218 1621 331 1663 sicco
355 1620 626 1664 ocbroleucae
650 1620 719 1662 vel
747 1620 902 1663 albidae
926 1619 1029 1662 tubo
1059 1618 1203 1661 subito
1228 1617 1434 1671 ampliato
1456 1617 1677 1670 obconic0‚
1701 1618 1813 1662 tobis

89 1680 401 1732 superioribus
445 1684 488 1721 et
530 1679 803 1723 intermediis
847 1678 1124 1721 brevissimis
1168 1677 1365 1720 inferiori
1407 1679 1812 1732 ovato-spathulato

88 1738 193 1781 tubo
217 1739 508 1782 subbreviorc
540 1746 599 1786 26.
629 1739 680 1781 D.
708 1737 980 1780 Heldreiclzii
1005 1738 1132 1780 .laub.
1159 1743 1202 1781 et
1224 1736 1297 1790 Sp.
1323 1735 1386 1778 lll.
1407 1735 1484 1778 Or.
1513 1737 1607 1778 Vol.
1636 1737 1683 1779 V.
1713 1736 1810 1793 (pa-

87 1797 184 1851 gina
216 1799 334 1842 uulla
362 1802 507 1842 notata
525 1798 554 1854 !)

136 1871 237 1907 Hab.
261 1873 300 1907 in
326 1872 442 1909 Caria
469 1872 633 1917 (Pinard
647 1874 673 1918 l)
700 1873 738 1908 in
769 1871 972 1908 montibus
992 1871 1149 1908 Pisidiae
1167 1881 1290 1918 prope
1307 1870 1465 1916 Egirdir
1483 1869 1636 1915 (Heldr.
1656 1870 1708 1915 pl.
1727 1881 1808 1907 exs.

87 1918 164 1954 sub
182 1918 230 1955 D.
256 1919 478 1966 Orientali).

134 1984 246 2021 Hanc
275 1987 445 2033 speciem
477 1986 572 2022 olim
603 1986 651 2022 D.
683 1985 879 2023 Orientali
910 1986 1046 2021 formis
1084 1984 1348 2021 adnumeravi
1381 1983 1449 2019 sed
1481 1985 1624 2030 praeter
1653 1985 1805 2030 spicam

85 2029 246 2068 brevem
265 2033 563 2070 densiusculam
583 2037 621 2070 et
638 2034 752 2070 flores
773 2033 936 2069 dimidio
955 2034 1127 2069 minores
1147 2033 1196 2068 ab
1216 2035 1261 2068 ea
1285 2036 1322 2068 et
1350 2031 1534 2067 affinibus
1552 2034 1654 2067 certe
1674 2031 1807 2068 differt

85 2078 233 2126 calycis
253 2080 407 2117 laciniis
427 2081 654 2118 lanceolatis
677 2086 713 2118 et
733 2081 850 2127 longe
874 2080 1373 2117 mucronatwo-acuminatis.

148 2200 185 2240 7.
221 2199 278 2242 D.
314 2198 662 2254 leucophaea
696 2198 854 2257 (Sibth.
881 2203 924 2242 et
951 2198 1036 2242 Sin.
1071 2198 1134 2240 Fl.
1174 2197 1310 2240 Graec.
1338 2197 1432 2250 Vll,
1457 2210 1496 2252 p.
1521 2199 1558 2248 6,
1585 2196 1670 2239 tab.
1696 2196 1803 2249 607)

83 2258 206 2300 caule
234 2259 345 2301 elato
367 2259 412 2301 in
440 2255 605 2313 spicam'
642 2259 779 2301 deuse
813 2258 1096 2312 cylindricam
1132 2258 1414 2301 multifloram
1456 2256 1650 2307 abeunti,
1687 2255 1801 2298 foliis

81 2316 244 2370 glabris
278 2318 344 2360 vel
379 2318 581 2361 ciliolatis
618 2317 1084 2372 oblongo-lanceolatis
1122 2317 1466 2372 lanceolatisque
1507 2316 1798 2368 subintegris,

83 2377 258 2418 racliide
301 2376 747 2430 glanduloso·lauata,
783 2376 973 2420 bracteis
1015 2377 1259 2420 linearibus
1304 2376 1489 2420 deflexis
1531 2375 1801 2429 lanuginosis

83 2434 216 2477 flores
253 2436 518 2479 subsessiles
545 2436 822 2492 aequantibus
852 2438 918 2479 vel
957 2436 1288 2492 superantibus,
1317 2437 1491 2479 corollae
1519 2434 1800 2489 pubescentis

82 2507 229 2547 parvae
256 2496 358 2538 tubo
389 2495 533 2538 subito
570 2496 721 2538 inflato
756 2497 1085 2550 ovato-globoso
1117 2496 1490 2539 fulvo-reticulato
1527 2495 1635 2537 tobis
1670 2505 1800 2547 supe-

80 2553 273 2597 rioribus
318 2558 361 2597 et
399 2555 674 2598 intermediis
716 2554 1005 2606 brevissimis,
1054 2555 1261 2598 interiore
1298 2557 1397 2598 albo
1439 2553 1799 2609 purpurascenti-

79 2623 244 2655 veuoso
266 2613 369 2656 tubo
391 2614 635 2668 aequilongo
664 2615 756 2657 basi
783 2619 1007 2658 attenuato
1038 2615 1318 2668 unguiculato
1357 2615 1478 2670 apice
1509 2616 1553 2657 iu
1592 2614 1796 2656 laminam

82 2669 487 2715 lunato-rotundam
514 2685 708 2728 expanso
743 2680 805 2722 λ’.
831 2674 886 2716 Ic.
912 2674 1063 2717 Lindl.
1094 2674 1209 2716 Mon.
1236 2675 1329 2717 tab.
1371 2676 1436 2716 14.

79 2790 105 2826 S
127 2744 229 2827 Halb.
243 2747 294 2838 (ig
308 2748 439 2839 morsstg
459 2747 615 2783 Athone
636 2747 877 2783 Macedoniae
897 2747 1040 2792 (Sibth.
1060 2747 1222 2794 Auchi),
1242 2748 1374 2784 insula
1390 2749 1536 2785 Tassos
1551 2751 1588 2784 et
1607 2750 1647 2784 in
1663 2754 1798 2786 monte

107 2802 224 2828 cano
299 2804 374 2829 I'lS'e
442 2822 448 2829 .

127 2857 333 2904 Spectmen
362 2859 634 2906 imperfectum
654 2862 807 2896 tantum
832 2860 912 2895 vidi
933 2860 1051 2906 hujus
1077 2861 1210 2907 stirpis
1231 2861 1406 2908 pulchrae
1428 2861 1466 2898 D
1495 2862 1648 2900 lanatae
1666 2865 1795 2900 affinis

80 2904 147 2939 sed
183 2906 289 2952 spica
325 2906 494 2951 longiori
529 2908 657 2952 magis
691 2911 916 2954 compacta,
953 2907 1119 2944 bracteis
1159 2909 1339 2954 angustis
1376 2909 1586 2956 elongatis,
1631 2912 1796 2949 floribus

78 2949 243 2987 dimidio
261 2953 482 2989 minoribus
501 2957 539 2990 et
555 2956 773 3001 praesertim
793 2958 987 2990 structura
1001 2954 1084 2991 lobi
1102 2955 1282 2991 corollini
1297 2957 1493 2993 inferioris
1512 2957 1721 2994 distinctae.
