2065 3271
140 188 266 226 Ficus.
900 189 1149 217 URTICACEAE.
1741 182 1837 220 1155

140 270 294 314 obtuse
317 267 480 310 lobatas
508 266 659 309 divisis
681 276 872 318 superne
898 263 1118 317 pruinosis
1143 262 1308 305 inferne
1333 268 1492 317 praeter
1519 278 1677 309 nervos
1706 276 1834 320 parce

141 328 325 370 hirtulos
365 325 545 378 glabris,
588 323 871 377 receptaculis
912 334 1045 376 supra
1085 322 1236 363 axillas
1272 323 1477 366 solitariis
1519 324 1835 368 subsessilibus

140 386 302 441 glabris
329 383 785 437 ovato-pyrit'ormibus
813 381 960 436 stipite
986 381 1048 423 eis
1077 380 1266 432 longiore
1294 381 1486 425 suffultis
1512 390 1549 434 5.

187 458 287 494 Hah.
317 459 355 492 in
377 457 512 538 S{ersia
541 455 929 491 austro-occidentali
960 463 1080 501 prope
1115 453 1274 489 Dalecbi
1302 458 1337 490 et
1365 455 1403 491 in
1436 457 1679 503 rupestribus
1713 466 1837 504 prope

141 506 243 542 Gere
283 505 317 540 K
351 532 357 538 .
404 505 473 538 1!.

188 505 589 603 Fru(texy12-p)edalis¹
623 556 717 591 folia
742 555 949 602 2-pollices
975 555 1125 590 circiter
1156 554 1271 599 longa
1298 558 1334 590 et
1361 556 1448 601 lata,
1483 559 1630 594 fructus
1657 561 1837 594 maturus

141 606 324 642 avellana
343 605 475 649 major.
495 606 555 638 An
578 603 662 638 haec
682 604 830 649 species
853 613 1011 649 quoquc
1032 602 1169 637 formis
1189 601 1231 636 F.
1254 601 1404 639 Carica>
1422 605 1744 641 adnumeranda?
1766 604 1838 642 sed.

141 654 285 688 formas
305 650 557 687 intermedias
576 650 750 685 nonduin
772 650 863 685 vidi.
891 650 954 685 Ab
980 653 1023 685 ea
1047 648 1177 684 differt
1203 648 1309 683 foliis
1328 650 1610 695 glabriusculis
1637 656 1674 687 et
1704 653 1835 688 fructu

137 700 269 746 stipite
289 698 468 745 pollicem
489 697 607 743 longo
627 697 799 732 suffulto.

200 799 237 840 3.
270 798 324 840 F.
353 797 593 851 virgata
616 797 776 851 (Roxb.
809 796 869 838 Fl.
899 795 988 838 Ind.
1022 793 1095 836 ΙΙΙ.
1130 806 1168 847 ρ.
1195 795 1301 848 530)
1330 796 1551 841 fruticosa.
1585 797 1717 838 ramis
1751 798 1839 840 vir-

140 857 264 911 gatis,
281 856 390 897 foliis
412 856 624 908 petiolatis
649 856 737 897 basi
761 855 1002 897 rotundatis
1021 855 1084 895 vel
1111 853 1192 895 late
1216 854 1490 895 subcordatis
1509 856 1646 898 oratis
1670 856 1837 899 obtusis

143 915 207 957 vel
227 914 506 958 acutiusculis
526 914 904 957 serrato—creualis
927 913 1083 956 subtus
1101 913 1374 964 tomentosis‚
1398 914 1680 966 receptaculis
1701 927 1837 969 supra

141 973 293 1017 axillas
326 973 530 1015 solitariis
559 973 856 1026 pedunculatis
885 971 1211 1015 ovato-clavatis
1250 971 1588 1024 pubescentibus
1626 974 1773 1027 parvis
1800 980 1837 1024 5.

142 1033 198 1076 Ic.
226 1033 378 1085 Wiglit
407 1031 516 1073 Icon.
546 1031 629 1073 tab.
658 1033 758 1073 649.

189 1105 288 1141 Hal).
309 1105 358 1141 ad
376 1115 491 1151 rupes
510 1104 744 1140 Belutschiae
767 1104 928 1148 (Stocks
946 1103 1015 1139 Coo
1030 1105 1069 1149 l),
1090 1103 1309 1149 Affghaniae
1328 1103 1487 1147 (Gi-iffi).

188 1161 221 1196 A
251 1161 385 1196 formis
413 1160 663 1206 intcgrifoliis
691 1160 733 1195 F.
759 1159 910 1196 Car-iem
935 1160 1119 1194 distincta
1138 1159 1291 1194 videtur
1317 1159 1510 1194 fructibus
1543 1160 1677 1205 parvis
1713 1171 1761 1197 ex
1791 1161 1839 1201 cl.

137 1207 351 1252 Roxburgli
370 1207 461 1244 Piso
479 1209 546 1242 vix
563 1208 791 1252 majoribus.
808 1207 850 1242 Iu
869 1207 1042 1242 Aitches.
1058 1207 1209 1251 Punjab
1225 1205 1348 1241 Catal.
1368 1217 1403 1252 p.
1422 1206 1491 1242 138
1508 1210 1566 1241 est
1583 1217 1839 1254 synonymon

142 1254 183 1290 F.
205 1254 418 1291 Car-iconiis
436 1255 561 1290 Roxb.
581 1264 668 1301 quae
687 1258 817 1289 tamen
839 1265 884 1289 ex
903 1254 1016 1290 Icone
1039 1253 1171 1299 Wight
1189 1253 1268 1288 tab.
1286 1253 1356 1289 634
1375 1253 1648 1289 diversissima
1665 1255 1840 1292 videtur.

187 1320 248 1355 Ar.
265 1319 396 1365 Geoqr.
424 1318 532 1354 India
554 1319 735 1354 borealis.

202 1420 238 1460 4.
272 1418 329 1460 Γ.
360 1415 941 1472 pseudosycomorus
959 1417 1179 1471 (Decaisn.
1200 1418 1311 1460 Flor.
1339 1417 1495 1460 Sinaic.
1522 1432 1559 1471 p.
1585 1418 1632 1473 4)
1657 1419 1843 1462 arborea

143 1478 331 1525 humilis,
360 1477 491 1519 ramis
511 1475 761 1530 junioribus
788 1477 1023 1530 pruinosis.
1053 1476 1162 1518 foliis
1191 1477 1405 1530 petiolntis
1430 1478 1569 1520 ovalis
1599 1478 1666 1520 vel
1695 1483 1845 1521 ovato-

142 1537 393 1579 orbiculatis
432 1536 643 1588 profunde
683 1535 869 1577 cordatis
904 1535 1069 1578 obtusis
1109 1536 1263 1578 obtuse
1301 1537 1708 1579 cremato-lobulatis
1747 1538 1844 1581 aliis

143 1595 341 1638 indivisis
368 1595 435 1637 vel
471 1594 674 1648 repandis
707 1595 803 1636 aliis
840 1593 1008 1636 trilobis
1043 1607 1174 1648 supra
1210 1594 1365 1648 pallide
1396 1596 1642 1638 virentibus
1676 1596 1843 1640 scabris

143 1654 298 1697 subtus
331 1653 499 1707 pallidis
528 1653 787 1695 tomentellis
815 1653 913 1696 dein
945 1653 1152 1706 glabratis
1178 1654 1404 1704 scabridis,
1430 1655 1670 1697 involucris
1696 1659 1842 1699 extra·-

140 1713 396 1756 axillaribus
423 1713 628 1755 solitariis
654 1712 910 1755 brevissime
931 1711 1229 1765 pedunculatis
1253 1715 1318 1754 vel
1346 1714 1576 1756 sessilibus
1602 1715 1838 1759 turbinatis

143 1771 371 1825 puherulis
395 1778 429 1820 5.
458 1772 502 1813 F.
534 1770 728 1824 palmata
763 1770 987 1814 Scliweius.
1020 1783 1109 1814 exs.
1149 1785 1231 1815 nou
1267 1771 1415 1814 Forsk.
1443 1797 1501 1804 —
1535 1772 1580 1814 F.
1611 1773 1844 1826 morifolia

144 1830 317 1873 Husson
343 1843 432 1872 cxs.

191 1905 290 1940 Hah.
318 1906 357 1940 in
387 1904 534 1940 Arabia
564 1904 751 1940 Sinaitica
781 1904 907 1940 (Bove
927 1904 1044 1950 2042),
1075 1906 1114 1940 in
1143 1906 1305 1942 desertis
1333 1907 1770 1955 AEgvptiaco-Arabicis
1798 1908 1847 1945 ad

143 1951 268 1988 Gebel
299 1952 718 1997 Niinn·eli(H11sson!),
750 1953 798 1987 ad
827 1953 953 1988 Ouadi
985 1951 1020 1987 el
1047 1953 1156 1998 Deyr
1182 1954 1383 2000 (Figaril),
1410 1947 1461 1991 ad
1485 1955 1612 1991 Ouadi
1634 1955 1779 1991 Dachel
1810 1959 1849 1992 et

145 1999 273 2035 Ouadi
296 2000 411 2035 Natfe
430 1999 615 2044 (Schwl).

190 2056 226 2091 A
257 2055 393 2091 formis
425 2055 465 2090 F.
500 2055 650 2091 Caricoe
680 2055 785 2090 foliis
815 2055 938 2090 multo
974 2057 1208 2102 profundius
1239 2057 1407 2093 cordatis
1440 2069 1560 2105 supra
1586 2058 1851 2106 scaberrimis‚

144 2101 339 2137 fructibus
370 2102 656 2138 subsessilibus
678 2102 860 2137 distincta
880 2103 1043 2138 videtur.
1075 2104 1242 2143 Fructus
1269 2105 1453 2141 avellana
1482 2107 1665 2151 majores.
1695 2105 1739 2142 F.
1757 2105 1847 2153 pal-

145 2152 260 2185 mata
280 2148 416 2186 Forsk.
436 2159 484 2185 ex
509 2146 769 2195 descriptione
799 2152 836 2184 et
866 2149 978 2185 Icone
1012 2151 1111 2186 Vahl
1142 2151 1279 2196 Symb.
1304 2153 1454 2188 tab.·‘24
1487 2156 1524 2188 et
1554 2153 1768 2199 specimine
1799 2164 1848 2191 ex

144 2199 277 2232 monte
298 2196 537 2233 Maammera
556 2197 712 2231 Arabia)
738 2197 896 2242 tropicae
919 2197 1052 2235 (ssotta
1074 2197 1184 2243 1837)
1211 2198 1325 2245 longe
1347 2200 1475 2235 differt
1494 2200 1602 2236 t'oliis
1622 2201 1660 2235 in
1680 2200 1846 2236 lacinias

141 2242 348 2289 elongatas
367 2247 499 2279 acutas
522 2248 584 2279 vel
603 2244 846 2279 acuminatas
870 2246 1034 2290 partitis.

205 2345 245 2384 5.
283 2342 336 2384 F.
359 2341 716 2396 Sycomorus
739 2342 807 2398 (L.
848 2342 968 2385 llort.
998 2343 1106 2386 Cliff.
1136 2357 1172 2398 p.
1206 2344 1312 2400 471)
1343 2345 1542 2396 arborea,
1564 2346 1679 2389 foliis
1708 2346 1851 2399 persi-

144 2402 361 2444 stentibus
390 2402 602 2454 petiolatis
625 2403 763 2444 ovatis
789 2403 1065 2445 subcordatis
1094 2403 1262 2446 obtusis
1290 2405 1471 2458 integris
1500 2409 1658 2459 praeter
1682 2417 1845 2448 nervos

144 2462 301 2503 sublus
341 2461 531 2502 elevatos
571 2465 614 2501 et
650 2473 776 2513 parce
818 2463 1003 2503 liirtulos
1040 2462 1200 2513 glabris
1242 2464 1438 2513 navibus,
1477 2464 1764 2518 receptaculis
1805 2465 1849 2508 in

145 2531 340 2562 racemos
379 2523 596 2561 tortuosos
637 2520 834 2573 apbyllos
869 2533 890 2562 c
928 2526 1080 2564 trunco
1122 2522 1188 2564 vel
1231 2523 1364 2565 ramis
1406 2524 1590 2566 vetustis
1632 2524 1846 2566 oriundos

143 2578 369 2632 dispositis
394 2578 626 2620 turbinatis
652 2579 846 2621 breviter
870 2580 1073 2633 stipilatis
1096 2581 1357 2623 tomenlellis
1373 2587 1410 2631 5.
1443 2581 1489 2624 F.
1508 2581 1673 2636 Cypria
1698 2582 1847 2625 Rauw.

146 2636 194 2679 It.
223 2639 323 2687 ⁹287,
354 2637 433 2679 tab.
461 2638 529 2678 57.
556 2661 609 2666 ——
635 2636 897 2691 Sycomorus
923 2639 1212 2691 mztiquorum
1235 2640 1506 2693 Gasparrini.

193 2711 294 2747 Hal).
311 2712 352 2747 in
370 2711 510 2758 Egypti
532 2711 771 2748 ambulacris
790 2714 906 2757 (Dei,
930 2715 1061 2750 Boissl
1089 2715 1163 2760 ΚΥ.
1181 2715 1269 2751 405!
1293 2716 1494 2752 Schweinf
1508 2719 1545 2763 l).

192 2769 320 2804 Arbor
343 2769 464 2805 ramis
485 2769 796 2805 l101·izontalil.·us
815 2771 854 2806 in
877 2782 1030 2807 comam
1054 2772 1289 2808 latissimam
1309 2775 1491 2810 extensis.

191 2834 252 2869 Ar.
275 2835 406 2879 Geoqr.
436 2833 582 2879 Nubia,
604 2834 832 2879 Abyssinia.

195 2898 282 2934 obs.
310 2898 425 2935 Ficus
446 2899 609 2936 elastz’ca
632 2900 674 2936 L.
694 2904 732 2936 ot
749 2900 789 2936 F.
811 2901 991 2945 rele'sle'osa
1016 2903 1055 2938 L.
1077 2904 1117 2938 in
1138 2904 1293 2949 Egypto
1319 2907 1357 2939 et
1377 2904 1604 2940 Belutschia
1622 2904 1687 2940 fret
1712 2905 1850 2942 uenter

147 2944 339 2981 coluntur.
360 2946 415 2981 (31.
435 2947 717 2983 Haussknecht
732 2948 824 2994 legit
842 2950 880 2984 in
905 2950 1035 2985 insula
1058 2951 1208 2987 Kal-raiz
1229 2952 1348 2986 Sinus
1369 2951 1511 2988 Persici
1532 2951 1669 2988 Ficwn
1713 2951 1857 2998 -pedes
