2100 3262
254 255 325 292 333
919 263 1332 293 SCROPHULAPJACEAE.
1719 255 1963 296 Verbaseum.

254 339 400 390 calyce
427 338 644 391 puberulo
669 337 849 392 [lineam
875 338 1021 392 longo)
1054 338 1108 380 ad
1143 338 1266 382 basin
1300 340 1343 382 in
1374 340 1551 383 lacinias
1580 339 1965 394 lineari-oblongas

254 398 426 452 partito,
450 398 613 439 corolla
638 398 753 440 lutea
779 397 961 448 minuta,
986 398 1221 441 filamentis
1248 399 1541 449 albo-lanatis,
1566 398 1756 454 capsulis
1786 400 1965 452 pedicel-

254 458 306 498 lis
325 457 514 500 arcuatis
540 457 709 510 ⁰2·3-plo
737 456 1006 508 longioribus
1030 457 1224 501 suffultis
1246 458 1441 513 oblongis
1458 459 1627 501 obtusis
1647 459 1961 503 mucronulatis

252 517 395 569 calyce
424 517 552 558 tertia
586 521 708 570 parte
733 516 1003 569 longioribus
1032 517 1100 572 Q).

301 589 402 625 Hab.
422 590 473 625 ad
492 591 626 625 ruinas
647 590 800 625 castelli
820 590 950 626 Giilek
969 590 1131 636 Boghas
1150 591 1270 627 Tauri
1291 591 1439 628 Cilicici
1457 591 1582 637 (Ball)
1602 591 1657 627 Fl.
1677 592 1768 628 Jun.

299 653 503 689 Foliorum
542 655 776 690 radicalium
811 654 962 691 lamina
995 656 1279 703 2-3-pollicaris
1323 657 1607 704 sesquilineam
1645 657 1734 700 lata,
1777 656 1962 703 panicula

251 701 415 748 pedalis,
437 702 601 748 capsula
624 703 646 738 2
667 703 792 738 lineas
811 702 942 749 longa.
975 704 1102 739 Atline
1134 703 1168 738 V.
1188 703 1368 741 Pinardz'
1387 706 1497 751 cujiis
1517 705 1666 740 fructus
1693 705 1853 750 ignotus
1881 705 1918 739 et
1940 714 1963 739 a

252 759 330 795 quo
352 749 581 785 distinctum
601 751 759 786 videtur
783 750 1014 786 indumento
1035 752 1268 788 tenuissimo
1301 763 1369 789 nec
1396 763 1577 799 pannoso
1608 753 1738 797 nive0,
1767 751 1963 787 fasciculis

249 797 477 843 plurissoris‚
495 798 704 834 bracteolis
725 799 942 834 linearibus
961 809 1031 835 nec
1051 800 1190 843 ovatis,
1210 800 1341 846 calyce
1362 800 1567 847 puberulo.

309 920 379 961 97.
404 920 468 962 V.
494 920 830 964 leianthum
851 920 968 974 [Blh.
1003 920 1046 962 in
1074 933 1155 963 nc.
1188 921 1340 963 Prodr.
1364 920 1421 969 X,
1451 933 1490 974 p.
1519 917 1624 974 239)
1652 918 1826 966 bienne,
1849 918 1960 961 foliis

249 991 442 1031 superne
484 980 695 1033 adpresse
739 980 864 1021 hirtis
917 978 1162 1022 virentibus
1200 980 1357 1023 subtus
1392 981 1583 1023 tenuiter
1628 977 1962 1022 canescentibus

248 1039 446 1092 oblongis
481 1040 652 1081 obtusis
677 1039 880 1089 crenatis,
911 1040 1093 1081 caulinis
1130 1040 1414 1082 inferioribus
1439 1039 1533 1081 basi
1568 1037 1805 1082 attenuatis
1831 1048 1962 1090 supe-

248 1097 440 1141 rioribus
495 1099 583 1141 basi
631 1098 1044 1151 seiniainplexicauli
1095 1098 1536 1148 subdecnrrentilnis,
1580 1097 1778 1151 panicula
1819 1096 1959 1149 ampla

247 1158 399 1209 glabra
423 1159 557 1200 ramis
587 1159 838 1211 longissime
862 1158 1060 1210 virgatis,
1099 1158 1315 1200 fasciculis
1341 1158 1583 1212 plnrifioris
1621 1158 1791 1199 bractea
1827 1157 1961 1198 trian-

248 1216 385 1268 gulari
414 1219 608 1260 suflultis
641 1218 876 1260 laxiusculc
895 1222 937 1259 el
963 1218 1214 1270 longissime
1242 1218 1490 1267 racemosis,
1519 1216 1744 1272 pellicellis
1768 1216 1960 1270 inaequa-

248 1276 363 1318 libus
392 1279 536 1330 calyce
563 1277 846 1330 longioribus,
873 1278 1017 1330 calyce
1034 1277 1183 1330 glabro
1203 1277 1380 1329 (lineam
1402 1277 1547 1331 longo)
1566 1276 1616 1318 ad
1643 1276 1696 1332 ³s4
1719 1276 1760 1317 in
1782 1275 1957 1318 lacinias

246 1338 779 1390 ovato—oblongas·acutas
808 1337 962 1390 partito
1012 1337 1170 1378 corolla
1195 1339 1340 1390 parva.
1366 1336 1599 1379 filamentiS
1627 1335 1802 1379 sordide
1829 1334 1958 1377 viola-

245 1397 515 1440 ceo-lanatis.
532 1397 709 1449 capsula
730 1397 913 1448 oblonga
933 1398 1082 1438 retusa
1098 1399 1348 1438 mucronata
1366 1396 1510 1449 calyce
1529 1395 1660 1450 duplo
1680 1395 1875 1448 longiore
1889 1393 1957 1448 [2²]-

255 1454 292 1495 V.
320 1455 707 1510 microcalgsee'num
733 1455 862 1496 Fenzl
889 1455 990 1497 MsS.

293 1531 395 1567 Hab.
414 1532 464 1568 ad
483 1532 605 1567 Tauri
623 1531 773 1567 Cilicici
795 1531 946 1567 radices
967 1531 1057 1577 (ΚΥ.
1077 1530 1198 1567 33811.

291 1595 514 1641 Specimina
534 1595 774 1641 incompleta
802 1596 841 1630 in
868 1595 1013 1641 quibus
1036 1594 1181 1641 plantae
1202 1606 1291 1642 pars
1312 1595 1471 1630 inferior
1491 1593 1634 1637 deficit,
1661 1594 1756 1630 folia
1774 1593 1959 1629 inferiora

243 1643 501 1689 semipedalia
521 1643 596 1684 2111
619 1643 779 1688 pollices
799 1643 888 1685 lata,
910 1643 1052 1678 racemi
1074 1646 1210 1678 tenues
1231 1642 1540 1690 sesquipedales,
1565 1642 1714 1677 corolla
1740 1653 1759 1678 e
1783 1640 1958 1676 minimis

244 1692 392 1736 gregis3
420 1692 520 1726 inter
550 1691 681 1725 affinia
704 1690 901 1726 fasciculis
924 1690 1137 1737 plurissoris
1158 1691 1446 1738 approximatis
1475 1700 1677 1726 racemum
1697 1689 1956 1725 multiflorum

243 1738 509 1774 formantibus
529 1739 695 1784 insigne.

303 1861 370 1902 98.
415 1860 475 1902 V.
512 1861 752 1903 calvum
788 1860 947 1914 (Boiss.
991 1864 1033 1902 et
1069 1861 1149 1914 Ky.
1190 1862 1229 1902 in
1267 1860 1528 1914 Ky.-Scbed.
1579 1861 1710 1915 1859)
1758 1860 1955 1914 panicula

243 1922 383 1973 ampla
417 1920 566 1972 glabra
603 1920 765 1961 viscida
806 1921 935 1962 ramis
964 1921 1212 1973 longissime
1238 1921 1430 1974 virgatis,
1466 1920 1683 1962 fasciculis
1713 1919 1954 1974 plurissoris

240 1979 411 2021 bractea
436 1979 554 2021 brevi
584 1979 839 2032 triangulari
875 1979 1067 2022 suffultis
1099 1980 1191 2021 laxe
1218 1985 1260 2022 et
1286 1980 1409 2033 longe
1437 1980 1686 2026 racemosis,
1724 1979 1951 2034 pedicellis

241 2038 530 2092 infequalibus
560 2040 703 2092 calyce
732 2039 896 2091 3-4-plo
923 2039 1210 2092 longioribus,
1239 2040 1381 2093 calyce
1407 2039 1557 2092 glabro
1583 2040 1636 2081 ad
1666 2039 1786 2080 basin
1814 2048 1954 2092 usque

241 2098 285 2139 in
311 2098 487 2139 lacinias
513 2098 772 2140 lanceolalas
795 2098 964 2150 partito,
983 2099 1396 2151 corollamajuscnla,
1418 2098 1650 2141 filamentis
1667 2097 1954 2147 albo-lanatis,

239 2158 417 2209 capsula
441 2158 776 2210 ovalo-oblonga
800 2159 949 2199 retusa
970 2158 1112 2210 calyce
1141 2159 1270 2212 triplo
1296 2159 1492 2208 longiore
1513 2158 1580 2213 Θ.

285 2232 386 2268 Hab.
407 2233 446 2268 in
466 2232 586 2268 aridis
610 2232 659 2267 al
680 2232 794 2268 Bitlis
815 2232 1083 2268 Kurdistaniae
1108 2233 1197 2279 (ΚΥ.
1222 2233 1360 2280 Suppl.
1381 2234 1496 2278 wli).

287 2296 345 2332 Ex
365 2298 543 2333 frustulis
569 2297 818 2343 incompletis
847 2298 887 2332 in
919 2297 1065 2344 quibus
1093 2298 1238 2344 plantae
1258 2302 1340 2333 tota
1358 2309 1449 2345 pars
1469 2299 1628 2334 inferior
1650 2301 1686 2333 et
1706 2297 1839 2333 omnia
1860 2295 1954 2332 folia

239 2344 382 2380 desunt
403 2346 655 2392 descriptum.
690 2345 887 2380 Paniculae
921 2346 1021 2380 rami
1048 2355 1152 2392 saeqe
1178 2346 1391 2393 bipedales,
1424 2347 1542 2382 facies
1574 2345 1610 2380 V.
1637 2345 1809 2389 Zez‘anthz',
1836 2345 1950 2380 flores

238 2392 396 2484 })Offs¹g{3¹s
418 2393 652 2475 pedicellati,
668 2392 816 2428 corolla
833 2394 968 2438 major,
987 2392 1191 2429 filamenta
1209 2394 1300 2429 albo
1321 2404 1391 2429 nec
1411 2393 1753 2430 violaceo-lanata.
1775 2390 1951 2439 Capsula

239 2465 260 2474 s
301 2458 313 2477 2
353 2451 461 2476 ineas
498 2450 611 2486 onga.

297 2549 365 2591 99.
395 2549 457 2591 V.
488 2549 695 2592 laetum
724 2548 882 2599 (Boiss.
912 2553 954 2590 ct
976 2549 1183 2602 Haussk.)
1209 2550 1440 2604 perenne?
1469 2549 1721 2603 plnricaule,
1745 2549 1948 2592 caulibus

236 2608 613 2661 glabrescentibus
628 2609 798 2650 inferne
822 2608 977 2650 foliatis
997 2608 1078 2649 cito
1099 2609 1139 2649 in
1161 2610 1408 2662 paniculam
1427 2621 1645 2651 ramosam
1665 2608 1948 2661 abeuntibus,

238 2668 350 2709 soliis
387 2668 568 2720 integris
601 2668 858 2710 indumento
882 2667 1051 2710 stellato
1089 2669 1207 2709 tenui
1246 2669 1415 2710 obtusis
1444 2668 1631 2710 cinereis
1667 2667 1951 2710 inferioribus

238 2727 436 2780 oblongis
461 2727 808 2780 subspatliulatis
846 2726 1014 2769 obtusis
1048 2727 1088 2768 in
1120 2728 1329 2781 petiolum
1366 2727 1617 2779 attenuatis,
1647 2726 1952 2780 superioribus

236 2787 464 2828 sessilibns
491 2787 654 2829 strictis
693 2787 848 2837 acutis,
877 2786 1060 2828 floribus
1091 2787 1297 2828 solitariis
1340 2786 1550 2840 pedicello
1587 2786 1732 2839 calyce
1768 2786 1954 2828 subbre-

242 2846 361 2888 viore
386 2846 580 2887 suffultis
604 2846 845 2887 laxinscule
879 2845 1132 2890 racemosis.
1174 2845 1359 2888 bracteis
1400 2845 1595 2898 oblongis
1635 2845 1772 2887 acutis
1809 2845 1953 2897 calyce

239 2905 522 2957 longioribus,
564 2906 708 2959 calyce
746 2909 791 2946 ul.
818 2909 860 2947 et
886 2904 1071 2946 bracteae
1108 2905 1258 2956 glabro
1285 2904 1503 2958 glandulis
1542 2905 1709 2959 sparsis
1745 2904 1949 2957 stipitatis

238 2964 443 3017 asperulo
479 2964 526 3018 (Ε
566 2964 702 3006 lineas
740 2965 811 3005 vix
845 2965 986 3017 longo)
1023 2963 1075 3005 ad
1115 2964 1237 3006 basin
1280 2965 1321 3006 in
1359 2964 1534 3006 lacinias
1572 2965 1721 3016 longas
1761 2963 1948 3005 lineares

238 3024 530 3065 acutiusculas
556 3024 731 3077 partito,
760 3024 920 3066 corolla
951 3024 1067 3065 lutea
1095 3024 1240 3065 rarius
1268 3024 1427 3070 albida,
1451 3023 1682 3065 filamentis
1702 3034 1944 3077 purpureo·
