2065 3271
117 231 362 279 Laqoehicus.
851 238 1050 264 12A131ATAE.
1736 234 1807 269 769

118 315 323 361 brevibus
359 315 514 358 erectis
547 314 683 356 acutis
720 313 975 355 intermedio
1004 315 1086 356 lalc
1125 314 1269 356 bifido.
1311 314 1543 358 Filamcnla
1579 317 1673 358 basi·
1705 318 1805 359 villo

116 374 369 419 collaerenlia
403 373 484 415 sub
506 373 626 425 galea
650 373 949 421 ascendentia,
989 374 1180 415 anthei-ze
1221 385 1297 425 per
1340 374 1454 427 paria
1498 377 1808 428 approximatae

115 434 265 478 loculis
292 432 509 486 parallelis
541 433 605 472 vel
633 431 960 483 divergenlibus
990 433 1180 485 margine
1207 432 1371 473 filialis.
1401 433 1549 485 stylus
1578 434 1802 488 salmana<

116 494 212 536 liter
239 491 412 533 bifidus.
452 490 631 532 Nuculae
667 495 789 532 aculc
819 491 1041 544 triquetra}
1067 492 1184 542 apice
1223 494 1441 532 truncalae.
1469 517 1523 521 —-
1549 493 1805 535 Sull'rulices

114 551 256 596 rarius
280 550 425 592 herbae
453 549 637 590 bracteis
667 550 882 591 interdum
915 549 954 589 in
982 549 1131 603 spinas
1160 549 1362 591 axillarcs
1386 552 1567 592 acerelis
1598 557 1639 592 et
1666 553 1804 606 persi-

115 609 342 654 stentibus.
370 608 493 650 Rami
521 608 721 650 exsiccati
745 608 786 649 in
815 608 1019 650 articulos
1051 608 1170 651 facilc
1197 608 1448 650 secedentes
1480 609 1665 661 fragiles.

112 752 133 807 g
167 749 203 793 1.
238 750 491 805 Spinosi.
519 774 570 779 —
602 749 791 792 Braclcae
817 751 1033 792 annotinae
1074 751 1113 792 in
1153 750 1303 803 spinas
1334 755 1569 804 quaternas
1604 753 1802 797 axillares

708 809 992 862 persistentes
1017 813 1208 852 accretze..

176 923 207 962 1.
242 921 296 964 1...
321 920 576 964 Aucheri
595 920 757 975 (Boiss.
780 921 932 974 Diagn.
961 921 1055 964 Ser.
1086 922 1119 972 Ι,
1140 923 1162 962 5
1192 935 1227 973 p.
1247 922 1317 972 38)
1344 922 1641 965 fruticulosus.
1670 925 1801 966 ramis

110 981 271 1034 glabris
318 981 473 1023 erectis
520 980 627 1022 albis
671 980 840 1021 inferne
882 981 1112 1023 denudatis
1154 981 1424 1033 simplicibus
1471 983 1630 1034 saepius
1679 996 1802 1035 parce

112 1039 309 1089 ramosis,
335 1039 447 1081 foliis
474 1039 556 1082 sub
582 1039 694 1082 lente
715 1038 1112 1082 scabrido-liirtuliS
1137 1040 1476 1082 cuneisormibus
1502 1041 1804 1094 snbpcliolatis

110 1099 152 1140 in
181 1098 354 1140 lacinias
393 1101 574 1151 anguste
603 1098 786 1140 linearcs
823 1098 1012 1150 integras
1046 1099 1110 1140 vel
1148 1099 1314 1142 trifidas
1354 1100 1544 1152 margine
1579 1101 1805 1142 revolutas

110 1157 228 1211 apice
259 1157 504 1210 spiuulosas
538 1156 586 1198 ad
621 1156 741 1198 basin
782 1168 920 1210 usquc
955 1157 1198 1210 tripartitis,
1228 1159 1363 1211 spinis
1400 1159 1590 1200 tenuiter
1613 1160 1802 1202 acerosis

109 1216 250 1269 calyce
285 1216 572 1265 brevioribus,
596 1215 752 1268 calycis
786 1215 922 1267 glabri
954 1215 1117 1259 laciniis
1152 1217 1642 1260 lanceolata-linearibus
1667 1219 1803 1260 acutis

109 1275 345 1329 spinalosis
371 1276 561 1328 margine
585 1275 769 1317 ciliolato
794 1274 958 1316 scabris
985 1275 1086 1317 tubo
1114 1277 1210 1329 plus
1238 1277 1368 1329 duplo
1397 1277 1662 1328 longios-ibas
1686 1284 1724 1325 5.

155 1349 255 1385 nab.
289 1350 330 1384 in
354 1350 487 1385 Persia
513 1350 653 1394 (Auch.
682 1350 823 1395 19791),
853 1350 902 1385 ad
932 1350 1155 1395 Sergendeh
1184 1362 1302 1397 supra
1327 1351 1505 1386 Teheran
1535 1352 1730 1396 (nuthet),
1764 1353 1804 1388 in

110 1397 301 1432 montosis
334 1397 527 1432 Firozkuh
563 1397 720 1442 (Bode),
754 1397 791 1431 in
825 1397 1025 1432 montibus
1055 1398 1210 1443 Zagros,
1242 1398 1331 1433 Kuh
1363 1399 1457 1442 Nur,
1489 1400 1641 1434 Sawers
1660 1401 1803 1436 Persia}

107 1444 514 1480 austro-occidentalis
533 1444 679 1480 8-9oou‘
700 1444 875 1489 (Haussk
889 1446 916 1490 l)

153 1507 562 1554 Rami¹s2-1-pedales‚
586 1507 769 1543 foliorum
802 1508 954 1543 laciniae
975 1508 1167 1555 elongatae
1194 1509 1261 1543 vix
1287 1509 1432 1545 lincam
1460 1509 1560 1554 lata‘,
1589 1510 1732 1555 calycis
1759 1512 1804 1546 10

107 1554 232 1590 lineas
249 1555 357 1600 longi
377 1554 528 1590 laciniae
546 1554 651 1590 linea
669 1556 736 1590 vix
756 1555 921 1590 latiores.

167 1656 203 1696 2.
240 1654 298 1697 L.
324 1653 744 1708 Kotschyanus
773 1653 926 1707 (Boiss.
954 1654 1106 1708 Diagn.
1141 1655 1236 1698 Ser.
1272 1655 1307 1702 ἶ,
1340 1658 1405 1706 12,
1436 1669 1460 1709 p
1503 1655 1801 1709 87)suff1·ati-

107 1726 233 1757 cosus
260 1714 522 1756 multicaulis
547 1714 754 1767 pumilus,
783 1714 978 1755 caulibus
1006 1714 1113 1756 albis
1140 1715 1400 1758 lomentellis
1429 1714 1798 1768 subsimplicibUS,

106 1773 219 1816 foliis
244 1773 734 1815 ovato-cuneiformibus
758 1773 810 1814 ad
836 1772 956 1814 basin
984 1786 1120 1827 usquc
1148 1774 1188 1815 in
1215 1774 1389 1816 lacinias
1415 1777 1597 1827 anguste
1615 1775 1799 1816 lineares

106 1833 298 1886 margine
327 1833 545 1885 revolutas
569 1832 771 1873 2-3-lidas
797 1833 914 1884 apice
939 1832 1193 1885 spinulosas.
1220 1833 1464 1887 bipartitis,
1494 1834 1630 1886 spinis
1662 1832 1800 1876 tenui-

104 1891 184 1934 bus
220 1891 348 1933 rectis
388 1890 614 1945 puberulis
648 1891 745 1933 folio
782 1891 1156 1941 subbrevioribas,
1193 1893 1350 1945 calycis
1390 1892 1555 1935 laciniis
1588 1892 1800 1945 0111111100-

104 1950 339 1994 linearibus
376 1949 467 1991 basi
510 1950 744 1992 attenuatis
783 1950 919 1992 acutis
957 1951 1194 2003 spinulosis
1233 1952 1494 1994 tomentellis
1530 1951 1632 1994 tubo
1673 1955 1797 1992 ovato

104 2008 246 2052 lanato
271 2010 370 2063 plus
396 2009 528 2062 duplo
558 2009 824 2062 longioribus
848 2016 884 2057 5.

148 2082 248 2117 Hab.
273 2082 321 2118 ad
349 2093 492 2129 pagum
511 2082 690 2117 Asadhar
709 2083 854 2117 montis
877 2082 1019 2118 Elbrus
1036 2083 1286 2118 occidentalis
1306 2083 1397 2129 (Ky.
1415 2084 1529 2129 4591),
1552 2085 1591 2119 in
1610 2083 1798 2118 montosis

104 2129 203 2165 inter
222 2130 397 2165 Teheran
418 2133 455 2165 et
472 2129 611 2165 Tabris
630 2129 763 2175 (ssgel)

150 2192 288 2227 Affinis
305 2191 353 2228 L.
373 2192 547 2228 Aucherz'
566 2194 603 2227 et
621 2193 717 2227 forte
735 2195 777 2228 ut
793 2202 867 2228 am.
887 2203 909 2228 a
931 2192 1067 2238 Bunge
1086 2194 1306 2239 suspicatur
1320 2193 1437 2239 huJus
1459 2194 1639 2238 varietas,
1660 2197 1798 2240 praeter

104 2238 379 2275 indumentum
393 2239 544 2275 laciniae
563 2240 706 2286 calycis
725 2240 842 2286 paulo
861 2239 1057 2275 breviores
1076 2243 1113 2276 et
1133 2240 1291 2276 latiores
1311 2241 1395 2276 basi
1415 2243 1634 2276 attenuatae.

163 2339 202 2380 3.
227 2338 280 2380 L.
308 2337 587 2393 hispidus
611 2338 842 2393 (Belanger
863 2337 964 2391 Voy.
986 2339 1039 2381 lc.
1067 2338 1162 2382 sine
1182 2352 1374 2382 nuncero
1393 2340 1474 2381 snb
1504 2340 1794 2396 Yermoloffici)

103 2398 409 2440 suffratieosus
438 2397 614 2440 humilis
651 2401 766 2440 totus
806 2398 947 2451 patale
986 2398 1199 2452 hispidus,
1235 2399 1344 2441 foliis
1379 2400 1682 2455 subpcliolatis
1719 2401 1798 2443 cir-

104 2457 438 2510 cumscriptione
472 2457 611 2498 oratis
643 2457 683 2498 in
721 2457 896 2499 lacinias
931 2461 1110 2510 anguste
1143 2458 1327 2501 lineares
1360 2460 1580 2501 revolutas
1616 2460 1795 2502 muticas

103 2515 300 2558 trisectas
340 2515 581 2569 tripart-itis=
620 2515 756 2569 spinis·
788 2515 885 2557 folio
922 2515 1211 2568 brevioribus)
1253 2518 1408 2571 calycis
1452 2518 1585 2571 glabri
1631 2518 1796 2561 laciniis

105 2573 547 2628 oblongo-linearibus
572 2574 774 2616 ciliatuliS
799 2574 994 2628 oblongis
1014 2576 1326 2618 mucronulatis
1352 2576 1454 2619 tubo
1483 2577 1613 2630 duplo
1635 2578 1794 2630 longio-

105 2633 225 2675 ribus
254 2639 288 2681 5.

149 2707 250 2742 Hah.
270 2707 310 2742 in
328 2707 461 2743 Persia
477 2707 719 2754 (Belanger),
742 2708 781 2742 in
797 2709 893 2754 Jugo
915 2708 1059 2744 Elbrus
1078 2719 1197 2755 supra
1212 2709 1295 2745 Nur
1317 2710 1514 2756 (Buhsel).

148 2772 182 2806 A
203 2770 249 2806 L.
272 2771 524 2818 Kotschyano
538 2772 683 2817 calycis
701 2773 794 2808 tubo
812 2772 949 2818 glabro
964 2772 1193 2819 laciniisque
1209 2775 1489 2810 niucronulatis
1502 2785 1570 2812 nec
1582 2776 1794 2822 spinulosis

104 2817 255 2854 obtusis
278 2829 346 2854 nec
364 2820 486 2854 acutis
506 2820 723 2855 distinctus.

161 2918 187 2959 4
235 2917 290 2959 L.
325 2917 640 2963 Cabulicus
673 2917 788 2972 (Bul.
820 2919 863 2960 in
896 2932 980 2962 Dc.
1010 2919 1164 2962 Prodr.
1195 2920 1291 2966 XM,
1331 2934 1370 2975 p.
1397 2920 1497 2977 5¹¹5)
1538 2922 1698 2964 minute
1726 2936 1793 2976 pa-

103 2975 484 3029 pilloso-birtellus
504 2978 786 3020 l'ruliculosus
809 2978 983 3021 bannilis
1004 2980 1134 3021 ramis
1159 2980 1333 3028 erectis,
1357 2980 1468 3022 foliis
1493 2981 1794 3035 circumscrip-
