2080 3241
127 222 418 269 Teumesortia.
831 231 1113 258 BonRAGmEAE.
1758 224 1829 261 125

177 421 253 464 ΤΒ.
288 421 344 463 Il.
383 419 810 464 HELIOTROPEAE.
838 443 895 450 -—
922 421 1129 465 Ovarium
1169 425 1281 477 stylo
1326 424 1545 467 terminali
1577 429 1619 467 et
1656 426 1825 468 suturis

411 481 438 522 4
464 480 709 536 praeditum.
735 479 924 523 Fructus
949 480 1197 535 drupaceus
1225 483 1291 525 vel
1318 482 1474 535 siccus,
1501 484 1751 527 maturitate
1779 485 1822 526 in

411 540 435 581 2
471 551 660 595 pyrenas
694 540 762 582 vel
796 550 931 582 nuces
968 541 994 581 4
1032 544 1106 583 aut
1139 541 1294 584 abortu
1330 544 1557 594 pauciores
1598 542 1822 586 secedens.

410 598 584 642 Semina
610 599 803 642 tenuiter
828 599 1118 655 albumiuosa.

575 753 969 802 TOURNEFORTM
1000 755 1062 816 (L.
1097 754 1195 803 Gen.
1236 755 1353 815 192).

171 903 301 960 Calyx
324 904 724 959 quinquepartitus.
750 903 920 947 Corolia
944 904 1406 960 hypocraterimorpha
1434 907 1552 949 fauce
1574 907 1703 950 nuda.
1727 907 1822 950 Sta-

113 964 229 1007 mina
263 964 439 1007 inclusa.
472 963 622 1018 Stylus
658 963 858 1018 simplex.
892 963 1054 1018 Stigma
1089 977 1113 1007 a
1149 964 1240 1006 basi
1277 966 1440 1008 annulo
1473 978 1655 1009 carnoso
1683 967 1821 1010 cincta

113 1023 348 1066 indivisum
377 1024 444 1066 vel
476 1023 734 1066 2-4-lobum.
757 1022 944 1066 Fructus
970 1023 1217 1078 drupaceus
1244 1024 1544 1078 bicarpellaris
1573 1025 1613 1067 in
1642 1026 1665 1067 2
1692 1038 1820 1080 pyre—

111 1095 189 1125 nas
217 1082 474 1126 biloculares
501 1083 676 1125 tandem
703 1082 889 1126 solutus.

174 1228 208 1268 1.
242 1225 297 1268 Τ.
335 1224 595 1280 Arquzia
627 1225 774 1278 (Linn.
811 1225 869 1267 sil.
894 1224 1047 1279 Suppl.
1076 1225 1157 1267 132
1182 1225 1265 1267 sub
1286 1225 1689 1280 Messersclmzidici)
1718 1227 1817 1280 pilis

109 1285 334 1339 adpressis
375 1284 467 1326 basi
506 1283 878 1327 subtuberculatis
919 1284 1091 1327 hirsuta
1131 1284 1290 1339 pallide
1329 1284 1478 1327 virens
1521 1297 1543 1327 e
1581 1285 1817 1328 rhizomate

112 1344 221 1387 duro
247 1343 516 1398 pluricaulis,
535 1343 732 1386 caulibus
754 1342 1094 1386 ascendentibus
1117 1344 1284 1386 foliosis
1310 1343 1582 1398 simplicibus
1603 1345 1669 1386 vel
1691 1356 1817 1398 parce

113 1404 309 1448 ramosis,
335 1402 449 1446 foliis
473 1402 703 1445 sessilibus
724 1403 922 1457 oblongis
945 1403 1015 1445 vel
1040 1403 1295 1446 lanceolatis
1315 1404 1409 1446 basi
1435 1403 1670 1446 attenuatis
1692 1403 1815 1446 obtu-

110 1462 186 1514 sis,
209 1463 339 1516 spicis
366 1460 577 1505 brevibus
604 1462 887 1517 scorpioideis
916 1461 960 1504 in
985 1463 1240 1516 corymbum
1270 1462 1543 1505 terminalem
1572 1462 1813 1516 dispositis,

109 1521 267 1575 calycis
290 1521 462 1565 corollae
485 1520 593 1564 albze
616 1521 720 1564 tubo
745 1521 911 1565 sericeo
937 1521 1107 1576 3-4·plo
1135 1521 1350 1564 brevioris
1374 1521 1540 1564 laciniis
1564 1521 1814 1564 lanceolatis

106 1580 287 1624 obtusis.
313 1580 431 1624 limbi
455 1580 583 1635 ampli
611 1580 722 1624 lobis
743 1581 897 1627 ovatis,
924 1581 1118 1623 antheris
1143 1581 1339 1635 oblongiS
1366 1582 1517 1631 acutis,
1542 1581 1654 1635 stylo
1675 1582 1813 1634 brevi,

108 1639 308 1694 stigmate
325 1640 520 1683 breviter
539 1639 781 1694 pileisormi,
801 1640 941 1694 drupa
960 1641 1086 1682 ovata
1103 1641 1223 1696 apice
1242 1640 1584 1695 subquadrilolni
1605 1640 1815 1694 adpresse

108 1698 220 1741 hirta
258 1705 314 1747 36.
346 1699 391 1742 T.
427 1699 626 1752 Aryztzzssa
653 1699 701 1741 R.
731 1702 772 1743 et
800 1699 894 1742 Sch.
924 1699 1040 1754 Syst.
1068 1700 1140 1752 IV,
1170 1714 1208 1754 p.
1238 1702 1335 1742 540.

157 1781 244 1818 Hah
282 1783 500 1829 praesertim
518 1782 559 1818 in
584 1782 784 1819 littoribus
802 1783 980 1819 arenosis
1003 1783 1225 1827 maritimis,
1245 1784 1338 1820 Asia
1363 1784 1492 1819 minor
1509 1783 1652 1828 (Auch.
1673 1782 1816 1828 23521),

106 1829 254 1865 Tauria
283 1829 333 1866 ad
364 1829 499 1865 Sudak
525 1829 659 1875 (Stev.‚
682 1829 855 1875 Belum),
880 1831 919 1866 in
946 1830 1136 1867 Caucasia
1168 1831 1218 1867 ad
1244 1830 1434 1877 Caspium
1465 1841 1584 1878 prope
1611 1830 1813 1866 Pati-owsk

102 1876 287 1968 ((gltfflrl),
327 1887 448 1924 prope
490 1876 755 1924 Kisilagatsch
797 1879 835 1914 et
876 1877 1083 1918 Lenkoran
1124 1878 1346 1924 (Hohenl),
1385 1878 1433 1913 ad
1477 1878 1609 1914 littora
1653 1877 1815 1914 Ghilani

106 2043 133 2078 b
151 1997 210 2033 Ar.
229 1998 366 2081 lqeogr.
388 1997 528 2053 Bossia
556 1998 698 2043 media,
716 1998 992 2045 Turcomania,
1019 1999 1174 2045 Sibiria,
1198 1999 1399 2047 Mongolia
1430 2000 1652 2043 Chinensis,
1684 1999 1812 2035 China

136 2053 225 2079 orea
247 2055 288 2091 is,
331 2055 488 2093 apoma.

213 1927 297 1960 seli.

250 2191 633 2242 fllttloTRtJPlUM
668 2193 730 2255 (L.
769 2193 867 2242 Gen.
905 2192 1024 2253 139).
1058 2223 1120 2229 —
1154 2194 1521 2258 Heliophytum
1558 2208 1658 2241 D.C.

163 2341 294 2396 Calyx
319 2343 705 2398 quinquepartitus
729 2343 972 2398 persistens
995 2343 1065 2386 vel
1089 2356 1185 2387 cum
1211 2345 1355 2387 fructu
1379 2344 1606 2387 deciduus.
1639 2343 1807 2386 Cor-olla

104 2401 523 2445 infundibuliformis
547 2402 616 2445 vel
641 2402 1103 2457 hypocraterimorpha
1137 2403 1266 2447 limbo
1300 2404 1596 2458 quinquelobo
1622 2403 1688 2446 vel
1715 2415 1812 2457 par-

101 2460 178 2503 tito
210 2472 325 2516 saepe
359 2462 383 2503 5
419 2461 586 2504 laciniis
622 2462 958 2505 intercalaribus
996 2474 1019 2505 e
1055 2463 1242 2506 sinubus
1278 2463 1386 2508 ortis
1423 2465 1547 2505 aucto
1603 2461 1808 2504 Antherae

102 2518 366 2563 subsessiles
403 2521 656 2565 connectivo
691 2521 914 2564 interdum
949 2522 994 2564 in
1029 2522 1250 2577 apiculum
1289 2522 1562 2566 terminalem
1604 2521 1804 2564 abeunte.

100 2576 249 2631 Stylus
285 2580 486 2634 simplex.
531 2579 694 2635 Stigma
726 2594 749 2623 a
791 2580 883 2624 basi
925 2581 1067 2624 latiori
1099 2581 1261 2624 annulo
1307 2592 1489 2623 carnoso
1531 2581 1667 2623 cincta
1713 2580 1809 2622 bre-

99 2636 213 2679 viter
249 2639 505 2692 pileiforme‚
533 2639 601 2683 vel
635 2640 846 2691 conicum,
872 2641 939 2683 vel
977 2640 1466 2694 subulam-elongatum,
1496 2639 1714 2693 integrum
1742 2639 1806 2680 vel

99 2693 293 2739 bifidum.
343 2697 522 2741 Nuculae
570 2703 760 2753 quatuor
806 2699 1049 2754 (interdum
1096 2700 1252 2743 abortu
1306 2699 1551 2754 pauciores)
1593 2698 1805 2740 distincta*

98 2755 163 2795 vel
211 2755 374 2799 diutius
423 2758 710 2810 cohaerentes,
761 2759 828 2801 vel
878 2771 955 2814 per
1008 2759 1126 2813 paria
1174 2763 1393 2804 counatoe,
1441 2758 1505 2799 vel
1564 2757 1706 2799 rarius
1763 2758 1803 2798 in

98 2824 351 2869 caryopsem
399 2828 750 2871 monospermam
785 2821 1012 2861 concretae.
1046 2843 1104 2850 —
1137 2818 1294 2861 Herbae
1340 2818 1406 2859 vel
1451 2815 1716 2858 susti-utices.
1752 2840 1804 2844 -

99 2870 231 2916 Multa
264 2886 316 2917 ex
352 2876 525 2929 egregia
560 2875 681 2918 amic.
712 2889 734 2919 a
772 2876 823 2920 de
866 2876 1015 2931 Buuge
1041 2877 1352 2932 monograpliia
1394 2876 1501 2918 Bull.
1540 2875 1665 2917 Mose.
1696 2876 1809 2916 1869

99 2936 336 2987 exscerpsi‚
362 2934 580 2977 nonnullis
607 2938 750 2978 tamen
787 2936 826 2978 in
867 2934 1116 2980 Sectionum
1145 2940 1185 2979 et
1216 2936 1462 2990 specierum
1494 2934 1806 2976 delimitatione

103 2993 291 3036 mutatis
