2065 3271
86 230 265 278 stachys.
831 237 854 262 L
861 236 1030 263 ABiA'rAE.
1731 227 1802 263 719

152 315 194 369 β.
208 312 410 356 discolor.
423 337 478 342 —
503 311 620 354 Folia
639 312 797 354 subtus
816 310 1104 360 canescentia,
1123 309 1285 352 corolla
1304 320 1798 364 roseo-purpurascens,

142 389 242 426 Hah.
259 389 299 424 in
319 387 476 433 regione
494 386 687 433 superiori
705 386 851 422 montis
869 385 1051 422 Peristeri
1071 383 1314 420 Macedoniae
1336 383 1441 420 6500’
1460 382 1632 430 (Orphl).

92 452 374 537 DAnbtieloqr.
419 450 612 488 Hispania
645 449 830 493 borealis,
865 448 1008 492 Gallia,
1047 447 1242 493 Belgium,
1279 447 1504 490 Germania,
1538 446 1660 493 Italia,
1692 448 1799 494 regio

131 511 206 536 anu
243 509 340 534 lais.

151 611 189 650 7.
225 608 274 651 S.
305 607 535 652 Cretica
568 605 728 661 (Sibth.
752 610 793 647 et
819 606 905 648 Sin.
932 605 990 647 Fl.
1031 603 1169 646 Gracc.
1215 603 1284 655 VI,
1326 617 1363 657 p.
1401 604 1468 651 47,
1505 603 1589 646 tal).
1632 604 1716 645 558
1758 608 1800 647 et

88 670 198 725 prob
248 667 294 709 L.
317 666 388 720 Sp.
416 666 523 720 81⁰2)
550 665 755 719 perennis
782 665 995 717 adpresse
1020 667 1261 706 tomentosa
1283 673 1518 705 canescens
1543 662 1608 704 vel
1637 662 1799 714 pallide

89 728 255 777 virens,
285 726 484 768 caulibus
512 724 670 767 erectis
698 725 859 778 saepius
880 722 1169 776 simplicibus,
1195 721 1516 764 verticillastris
1545 722 1799 764 multifloris

90 786 290 837 remotis,
342 785 452 827 l'oliis
503 784 694 827 tenuiter
744 782 962 835 rugulosis
1009 781 1248 824 eventilatis
1297 779 1465 822 obtusis
1516 781 1799 823 inferioribus

86 845 272 898 oblongo
313 843 381 885 vel
419 841 848 886 lineari-lanceolatis
886 840 1104 895 petiolatis
1149 839 1241 883 basi
1282 839 1534 890 attenuatiS‚
1575 838 1801 882 floralibus

87 901 633 956 oblongo-triangularibus
667 901 734 943 vel
769 900 962 942 breviter
1000 899 1251 943 lanceolatis
1288 898 1570 941 inferioribus
1611 898 1801 941 verticil-

87 964 221 1005 lastro
247 961 529 1015 longioribuS,
567 959 726 1015 calycis
763 959 941 1002 lauat-uli
979 958 1233 1012 subobliqui
1269 956 1474 999 dentibus
1519 957 1801 1010 triangulari-

86 1021 338 1064 lanceolatis
385 1020 578 1063 breviter
624 1019 815 1073 spinosis
867 1018 972 1061 tubo
1017 1017 1235 1068 subtriplo
1280 1016 1576 1061 brevioribus,
1627 1017 1801 1059 corollae

86 1092 223 1123 roseae
249 1079 349 1122 tubo
371 1079 539 1122 incluso
567 1078 677 1120 labio
705 1077 935 1131 superiore
962 1080 1080 1120 recto
1114 1078 1258 1119 lanato
1286 1079 1435 1119 retuso
1472 1079 1527 1121 26.
1562 1074 1604 1118 S.
1637 1073 1801 1117 Itah'ca

89 1138 181 1181 Bot.
210 1137 463 1181 Graecorum
487 1138 556 1180 vix
586 1138 748 1179 Miller.

137 1211 238 1247 Hah.
258 1212 299 1246 in
317 1210 474 1246 collinis
493 1214 529 1246 et
549 1209 742 1257 lapidosis
761 1210 933 1255 regionis
949 1209 1145 1245 inferioris
1164 1212 1363 1245 montanae
1383 1211 1419 1244 et
1439 1208 1479 1243 in
1497 1207 1800 1244 australioribus

90 1258 324 1305 subalpinae,
357 1258 581 1302 Zacynthus
613 1257 794 1303 (Margi),
825 1257 953 1292 Attica
979 1260 1016 1292 et
1039 1256 1189 1292 Baeotia
1216 1256 1388 1303 (Sprunl
1416 1255 1558 1291 Heldrl
1592 1255 1711 1305 Orphb.
1743 1255 1798 1291 Fl.

87 1316 166 1341 exs.
186 1307 281 1350 772),
302 1305 492 1350 Cyclades
511 1304 659 1351 (Orph!
680 1304 816 1350 Urvi),
844 1304 1008 1339 Rhodus
1035 1303 1200 1350 (Bourg.
1221 1314 1302 1339 exs.
1325 1304 1398 1339 sub
1419 1303 1457 1340 S.
1483 1300 1658 1348 Graeca),
1686 1305 1801 1338 Creta

88 1352 284 1398 (Heldrl),
316 1351 502 1388 Anatolia
525 1353 654 1387 omnis
675 1352 793 1387 occid.
813 1354 850 1387 et
870 1351 1055 1387 australis
1074 1362 1097 1387 a
1116 1350 1245 1397 Lydia
1263 1351 1312 1386 ad
1333 1350 1511 1387 Ciliciam
1538 1351 1687 1395 (Boissl
1709 1350 1800 1385 Bal!

86 1399 269 1446 Bourgt),
298 1399 574 1445 Paphlagonia
593 1398 725 1443 (Wied
742 1400 779 1442 l),
803 1400 989 1434 Armenia
1007 1399 1169 1434 Turcica
1188 1398 1237 1434 ad
1257 1398 1402 1434 Baibut
1420 1398 1571 1443 (Bourg
1589 1400 1625 1443 1),
1652 1397 1800 1433 Tauria

86 1447 153 1490 (ex
177 1447 353 1492 Ledeb.),
374 1446 623 1493 Cappadocia
645 1446 735 1490 (Bal
751 1448 788 1490 l),
818 1445 972 1492 Cyprus
991 1446 1072 1491 (Ky
1087 1448 1122 1491 1),
1152 1445 1266 1492 Syria
1287 1445 1460 1481 borealis
1478 1447 1579 1481 inter
1597 1444 1744 1481 Aintab
1764 1448 1799 1481 et

88 1494 201 1530 Nisib
223 1493 456 1538 (Hausskl),
487 1496 525 1529 et
552 1493 734 1529 littoralis
755 1493 936 1538 (Boisst),
965 1493 1142 1529 Libanus
1171 1503 1296 1540 usque
1323 1493 1373 1529 ad
1400 1493 1510 1528 Eden
1537 1492 1621 1537 (Bll
1645 1491 1799 1537 Caini),

87 1541 343 1578 Antilibanus
363 1541 455 1587 (Ky.
473 1541 590 1586 4761),
614 1540 812 1576 Palestina
834 1540 967 1586 (Boiss
981 1543 1020 1586 l).

149 1608 192 1661 β.
215 1607 487 1659 panio-ulam.
511 1632 559 1638 ——
586 1607 918 1650 Inssorescentia
933 1619 1105 1650 ramosa
1128 1619 1244 1661 saepe
1268 1607 1526 1661 paniculata.
1542 1630 1600 1639 —
1618 1605 1658 1648 S.
1686 1605 1798 1648 Mer-

89 1666 226 1710 sinoea
254 1666 388 1710 lloiss.
416 1667 568 1720 Diagn.
594 1666 687 1709 Ser.
712 1666 769 1718 Il,
795 1667 822 1708 4
847 1680 886 1721 p.
919 1667 985 1708 37.

140 1740 241 1776 Hah.
260 1741 300 1776 in
319 1740 480 1777 incultis
496 1740 653 1776 Pisidiae
674 1738 818 1784 (Heldr
832 1740 868 1785 l),
891 1739 1038 1774 Ciliciae
1057 1739 1240 1775 littoralis
1260 1739 1310 1774 ad
1330 1739 1502 1775 Mersina
1522 1739 1613 1781 issal
1629 1741 1666 1785 l),
1684 1742 1800 1784 Syria

89 1798 208 1835 prope
227 1789 375 1824 Aintab
397 1787 576 1832 (Haussk
592 1790 629 1833 l),
653 1787 851 1823 Palestina
869 1786 917 1821 ad
938 1787 1255 1833 Hierosolymam
1277 1787 1418 1831 (Auch.
1438 1786 1578 1831 17101).

145 1875 185 1914 y.
226 1854 419 1897 Gerana.
450 1879 504 1884 —
535 1853 863 1896 inflorescentia
894 1866 1063 1896 ramosa
1104 1854 1347 1907 paniculata
1383 1854 1461 1897 sed
1496 1852 1798 1897 verticillastri

87 1925 239 1956 omnes
257 1914 300 1955 in
326 1913 468 1967 spicas
487 1914 646 1956 breves
671 1912 938 1955 condensati.
956 1936 1012 1942 —
1028 1912 1070 1956 S.
1096 1912 1281 1955 Garama
1303 1913 1443 1957 Boiss.
1474 1913 1626 1966 Diagn.
1654 1911 1748 1955 Ser.
1769 1910 1797 1962 Ι,

85 1970 139 2015 ’Ῑὲ
217 2006 225 2015 .
252 1973 323 2015 76.

132 1986 230 2084 {Iaz-
252 2048 295 2083 in
314 2047 507 2095 lapidosis
527 2048 674 2084 montis
693 2048 799 2084 Gara
817 2047 1085 2084 Kurdistaniae
1103 2047 1194 2094 (Ky.
1211 2047 1334 2094 4131).

131 2112 286 2158 Species
313 2111 354 2147 in
386 2113 494 2158 parte
527 2110 758 2147 occidentali
786 2111 945 2147 ditionis
978 2111 1295 2158 frequentissima
1327 2114 1365 2148 et
1395 2111 1445 2148 ah
1476 2111 1661 2148 affinibus
1693 2110 1797 2147 foliis

86 2158 380 2205 angustioribus
401 2158 489 2194 basi
511 2169 665 2205 semper
681 2160 894 2194 attenuatis
913 2169 983 2195 nec
1002 2160 1191 2195 truncatis
1209 2159 1273 2195 vel
1291 2159 1463 2195 cordatis
1481 2158 1675 2194 distincta.
1695 2158 1798 2194 Huic

85 2206 202 2242 valde
217 2206 345 2242 affinis
360 2208 416 2242 est
434 2205 472 2243 S.
492 2204 638 2243 Italica
658 2206 756 2242 Mill.
777 2219 823 2239 =
836 2205 874 2243 S.
890 2206 1131 2252 salvioefolz'a
1148 2206 1244 2242 Ten.
1270 2206 1384 2242 Italia
1403 2206 1569 2243 australi
1583 2207 1620 2241 et
1636 2205 1797 2241 Dalma-

84 2255 139 2289 tia
151 2253 332 2300 frequens
348 2253 417 2289 sed
430 2263 518 2300 quae
533 2252 639 2289 foliis
657 2253 909 2289 inferioribus
927 2254 1013 2289 basi
1030 2253 1276 2290 subcordatis
1293 2253 1448 2290 differre
1467 2253 1633 2289 videtur.
1653 2253 1798 2289 Nostra

84 2304 141 2337 est
161 2300 376 2336 certissime
394 2300 543 2347 species
563 2300 603 2335 in
617 2300 675 2336 Fl.
690 2301 827 2336 Graeca
842 2301 1034 2348 descripta
1052 2304 1090 2337 et
1112 2301 1265 2348 depicta
1284 2304 1322 2337 et
1341 2301 1453 2348 prob.
1471 2311 1629 2348 auoque
1646 2299 1797 2344 Linnei,

85 2348 360 2384 indumentum
379 2348 509 2383 variat
527 2347 655 2383 luride
677 2348 810 2384 virens
829 2352 866 2385 et
888 2358 1110 2385 canescens.

144 2464 184 2505 8.
217 2461 272 2506 S.
307 2462 549 2506 Thirkei
582 2461 648 2518 (C.
681 2463 799 2507 Koch
825 2463 950 2506 Linn.
983 2463 1102 2515 XXI,
1131 2476 1171 2518 p.
1209 2463 1317 2520 685(
1354 2465 1576 2518 perennis,
1616 2464 1798 2518 adpres-

86 2522 258 2565 sissime
282 2525 326 2564 et
349 2521 544 2564 breviter
569 2526 809 2565 tomentosa
833 2534 1080 2571 canescens,
1101 2523 1300 2567 caulibus
1319 2524 1477 2567 erectis
1503 2523 1796 2577 simplicibus,

88 2581 404 2624 verticillastris
429 2580 673 2635 plurissoris
696 2582 900 2625 omnibus
924 2585 1086 2637 praeter
1113 2594 1320 2636 suprema
1342 2582 1560 2626 distinctis
1579 2587 1622 2626 et
1647 2594 1794 2625 remo-

83 2639 153 2690 tis,
179 2640 290 2683 soliis
313 2639 460 2695 parvis
493 2641 817 2684 subcrenulatis
842 2641 1103 2694 subrugosis
1137 2641 1420 2685 inferioribus
1449 2641 1794 2695 oblongo-linea-

86 2698 209 2742 ribus
227 2698 398 2742 obtusis
422 2699 466 2741 in
487 2700 696 2752 petiolum
712 2701 963 2752 attenuatis,
988 2700 1217 2744 floralibus
1239 2700 1796 2755 oblongo-triangularibus

86 2757 369 2800 inferioribus
394 2757 700 2801 verticillastro
727 2758 1098 2812 sublongioribus,
1116 2759 1306 2802 bracteis
1329 2760 1580 2803 lanceolatis
1604 2760 1795 2813 spinosis

85 2816 228 2870 calyce
249 2816 542 2867 brevioribus,
580 2818 737 2871 calycis
778 2822 901 2871 longe
928 2823 972 2860 et
1007 2819 1271 2862 densissime
1299 2819 1551 2862 albo-lanati
1589 2819 1795 2861 dentibus

89 2875 263 2919 demum
288 2875 600 2930 patentissimis
626 2879 670 2919 et
704 2877 950 2921 recurvatis
973 2890 995 2919 a
1024 2877 1115 2920 basi
1145 2878 1381 2921 lanceolata
1412 2878 1537 2931 longe
1575 2878 1794 2921 subulatis

87 2934 236 2977 rubris
264 2933 441 2977 dimidio
468 2935 573 2979 tubo
601 2936 883 2989 longioribus,
910 2937 1086 2979 corollae
1122 2947 1258 2981 roseae
1291 2940 1419 2980 extus
1448 2937 1577 2980 valde
1613 2937 1796 2979 hirsutae

88 2992 202 3036 labio
235 2994 466 3049 superiore
489 2993 659 3049 integro
693 3005 748 3047 24.
