2065 3271
102 277 338 318 orobanche.
790 284 1138 312 OROBANCHACEAE.
1738 279 1811 317 513

143 365 202 400 Ar.
231 363 361 408 Geoqr.
398 361 554 407 Europa
589 359 716 395 media
752 361 790 393 et
821 358 1007 395 australis
1042 360 1092 394 ab
1126 360 1270 407 Anglia
1301 364 1337 396 et
1366 361 1493 397 Dania
1526 361 1574 397 ad
1606 363 1807 408 regionem

99 409 374 453 Danuliialem,
394 407 645 450 DalmatIam,
669 405 800 442 Africa
818 405 1003 441 borealis.

156 528 230 569 30.
282 524 339 568 Ο.
383 522 631 567 Hederae
672 523 822 577 (Duby
861 521 953 564 Bot.
996 520 1103 564 Gall.
1141 524 1246 576 350]
1288 523 1484 567 breviter
1526 526 1804 578 glanduloso-

98 586 354 639 pubescens,
397 584 513 636 spica
544 584 668 635 longa
695 581 843 635 gracili
886 581 1139 624 laxiuscula.
1180 582 1363 626 bracteis
1399 585 1802 627 ovato-lanceolatis

95 643 350 687 acuminatis
376 642 567 684 enerviis
594 642 798 684 corollam
827 640 1105 693 aequautibus
1144 641 1361 689 violaceis,
1397 643 1559 695 sepalis
1598 644 1803 687 violaceis

96 702 427 746 subuuinerviis
451 701 589 742 auticc
613 700 779 742 coalitis
818 700 1067 742 lanceolatis
1092 699 1310 743 subulatis
1336 701 1519 755 integris
1555 704 1617 745 vel
1657 703 1803 746 bifidis

96 762 265 805 corollae
309 760 459 802 tubum
496 759 772 812 aequantibus
813 760 876 800 vel
918 758 1205 811 longioribus,
1243 761 1404 803 corolla
1440 761 1550 804 flava
1588 763 1802 805 violaceo-

96 821 264 864 susl'usa
294 818 585 872 glabriuscula
617 818 822 860 tubulosa
859 817 989 859 dorso
1025 819 1200 860 arcuata
1236 819 1363 861 labiis
1401 819 1680 863 denticulatis
1717 834 1801 863 non

94 879 245 921 ciliatis
292 878 520 931 superiore
560 881 709 920 retuso
754 876 973 918 inferioris
1014 876 1110 918 lobo
1150 877 1291 920 medio
1331 879 1519 932 majore.
1565 880 1799 923 filamentis

94 939 221 993 paulo
261 949 395 990 supra
436 936 607 978 tertiam
642 936 734 978 tubi
767 938 934 990 partem
977 934 1153 978 insertis
1188 935 1281 979 basi
1317 937 1560 990 puberulis,
1601 939 1802 991 stigmate

93 999 205 1038 ssavo
242 1002 308 1042 2‘.
347 995 401 1037 Ic.
436 995 594 1036 Vaucb.
621 994 729 1037 Mon.
755 994 839 1036 tab.
868 991 908 1036 8.
935 1019 989 1024 --
1020 994 1138 1047 Engl.
1167 995 1261 1038 Bot.
1302 995 1385 1038 tab.
1416 997 1546 1039 2859.
1580 1020 1638 1028 —
1659 997 1795 1040 Rclib.

92 1054 235 1097 Germ.
264 1056 350 1098 tab.
391 1055 479 1096 182.
504 1078 552 1084 -
583 1053 627 1096 Ο.
654 1053 940 1106 Medicayinis
965 1054 1099 1096 Rchb.
1130 1054 1199 1095 Pl.
1231 1054 1332 1097 Crit.
1360 1056 1430 1109 fig.
1456 1057 1540 1098 919
1561 1060 1603 1099 et
1627 1055 1798 1099 Griseb.

91 1113 233 1168 Spicil.
264 1127 302 1167 p.
332 1116 383 1156 57
410 1126 496 1156 non
526 1113 680 1166 Duby.

136 1188 235 1224 Hab.
254 1189 303 1224 ad
319 1188 486 1225 Hecleroe
500 1187 647 1223 radices
666 1187 884 1234 parasitica,
906 1187 1121 1223 Peninsula
1141 1188 1269 1224 Athoa
1289 1199 1410 1236 prope
1425 1189 1576 1226 Kar-aes
1591 1191 1801 1236 (Οτι-ἱερὴ),

91 1236 235 1272 Pontus
253 1236 416 1272 Lazicus
437 1236 477 1271 in
497 1235 599 1271 valle
622 1234 756 1280 Djimil
776 1234 868 1278 (Bal
879 1236 918 1280 l).

134 1301 268 1338 Facies
284 1302 324 1338 Ο.
343 1302 505 1338 minoris
525 1312 548 1336 a
566 1303 644 1348 qua
661 1301 805 1348 sepalis
823 1301 1054 1346 uninerviis,
1072 1302 1270 1348 stigmatis
1290 1302 1429 1347 colore,
1449 1308 1521 1339 etc.
1545 1304 1685 1339 differt.

135 1368 186 1402 Ar
227 1367 357 1413 Geoqr.
397 1368 554 1414 Europa
589 1361 719 1403 media
753 1370 790 1403 et
822 1366 1005 1403 australis
1050 1367 1101 1403 ab
1138 1368 1285 1414 Anglia
1328 1371 1364 1404 et
1399 1368 1549 1415 Belgio,
1585 1369 1799 1405 Germania

92 1413 139 1449 ad
162 1414 418 1450 Dalmatiam.

149 1534 214 1575 3¹.
250 1533 306 1576 Ο.
343 1533 561 1587 Cypria
595 1532 741 1586 (Reut.
782 1534 824 1574 in
865 1533 1055 1586 Kotschy
1093 1532 1224 1587 Cypr.
1260 1546 1300 1587 p.
1335 1534 1440 1589 904)
1476 1535 1797 1589 papilloso-v'is-

89 1592 194 1639 cida‚
219 1593 339 1635 caule
370 1604 479 1634 uano
508 1592 704 1646 squamis
728 1593 896 1635 crebris
937 1592 1276 1636 membranaceis
1310 1593 1796 1647 oblongo-triangulari-

90 1651 170 1695 bus
203 1650 358 1697 obsito,
385 1651 501 1704 spica
535 1651 669 1693 densa
695 1651 879 1704 oblonga
907 1651 1158 1704 paucissora,
1193 1652 1377 1695 floribus
1408 1653 1570 1706 parvis,
1605 1653 1794 1697 bracteis

89 1711 224 1753 ovalis
250 1711 387 1753 acutis
409 1710 579 1752 corollae
600 1710 752 1753 tubum
772 1710 1064 1765 aequantibus,
1092 1711 1254 1765 sepalis
1280 1711 1477 1765 oblongis
1504 1713 1793 1767 plurinerviis

89 1769 206 1824 apice
246 1770 439 1813 breviter
477 1768 621 1811 bifidis
663 1770 816 1812 tubum
851 1768 1022 1812 corollae
1054 1771 1386 1823 superantibus,
1420 1772 1582 1813 corolla
1622 1783 1644 1813 e
1679 1772 1794 1815 sicco

89 1828 254 1871 rubella
283 1828 784 1881 tubuloso—cylindracea
816 1829 936 1882 apice
964 1833 1133 1872 tantum
1167 1832 1346 1873 curvata
1376 1842 1504 1884 parce
1529 1830 1789 1884 glandulosa

85 1887 210 1929 labiis
235 1888 380 1940 parvis
409 1887 929 1931 denticulato-fimbriatis
955 1888 1199 1941 superioris
1226 1888 1334 1931 lobis
1361 1889 1475 1932 binis
1500 1889 1598 1932 latis
1626 1891 1789 1932 retusis

84 1946 303 1989 inferioris
327 1946 535 1990 brevibus
561 1947 715 1990 ovatis.
742 1946 975 1989 filamentis
994 1948 1087 1989 basi
1112 1947 1300 1991 dilatatis
1322 1959 1478 1990 versus
1503 1948 1595 1990 tubi
1617 1949 1790 1992 tertiam

83 2009 249 2059 partem
280 2006 458 2049 insertis
485 2005 654 2048 interne
677 2006 864 2056 birtulis,
894 2006 1007 2059 stylo
1039 2007 1158 2060 apice
1193 2007 1468 2060 glanduloso‚
1500 2008 1702 2060 stigmate
1727 2008 1787 2049 bi-

87 2064 184 2105 lobo
216 2070 277 2110 ΖΔ.

131 2138 233 2173 Hab.
266 2138 316 2174 ad
353 2138 502 2175 radices
536 2137 816 2222 Ριενοεῗέἠαίἱ
842 2140 1053 2185 multiflori
1085 2143 1122 2177 et
1167 2141 1412 2179 Scutellarz'ae
1440 2142 1554 2179 hz'rtoe
1583 2143 1624 2178 in
1657 2143 1792 2179 insula

89 2185 217 2232 Cypro
238 2185 288 2221 ad
307 2186 519 2222 Prodromo
537 2186 640 2223 4000’
664 2189 678 2231 (
720 2198 754 2233 y.
774 2198 856 2223 exs.
874 2187 993 2233 8541).
1017 2188 1072 2224 Fl.
1092 2188 1208 2224 Maio.

130 2250 315 2286 Plantula
333 2261 422 2286 cum
441 2251 545 2298 spica
563 2251 741 2298 pollicari
758 2252 1052 2300 2-3—pollicaris‚
1072 2253 1186 2289 flores
1205 2264 1225 2289 e
1246 2254 1434 2299 minimis,
1458 2254 1606 2290 corolla
1625 2256 1649 2291 5
1666 2256 1791 2293 lineas

85 2295 203 2342 longa
221 2308 388 2344 superne
406 2308 483 2334 non
505 2298 705 2345 ampliata.
740 2300 851 2336 Facie
876 2302 992 2336 retert
1020 2300 1063 2337 O.
1089 2300 1420 2348 camptolem'dem
1445 2301 1514 2337 sed
1535 2302 1702 2338 bracteae
1721 2314 1790 2340 nec

83 2344 263 2380 coriaceae
296 2355 364 2380 nec
396 2344 579 2388 hamatae,
608 2346 757 2382 corolla
780 2348 891 2394 apice
918 2350 1078 2383 curvata
1101 2358 1172 2383 nec
1194 2350 1310 2394 recta,
1343 2359 1420 2384 non
1453 2349 1655 2396 ampliata7
1685 2350 1789 2387 lobis

84 2391 199 2427 valde
221 2391 700 2429 denticulato-fimbriatis.

139 2513 210 2554 32.
248 2512 303 2555 Ο.
337 2512 734 2557 caerulescens
760 2513 928 2569 (Steph.
961 2515 1001 2556 in
1034 2515 1183 2558 Willd.
1224 2514 1297 2568 Sp.
1335 2515 1411 2567 ΙΙΙ,
1446 2527 1486 2569 p.
1529 2515 1636 2569 349]
1672 2515 1789 2558 albo-

85 2571 351 2624 lauuginosa7
390 2573 512 2614 caule
548 2584 712 2622 crasso,
752 2574 870 2626 spica
907 2573 1042 2615 densa
1077 2575 1315 2628 compacta,
1359 2573 1546 2617 bracteis
1583 2574 1788 2628 oblongo-

84 2630 329 2673 lanceolatis
355 2630 611 2674 acuminatis
637 2633 811 2675 corollae
845 2632 950 2674 tubo
985 2633 1268 2686 longioribus,
1293 2634 1456 2687 sepalis
1485 2633 1689 2675 indivisis
1722 2635 1786 2676 vel

83 2688 135 2730 ad
158 2689 330 2731 tertiam
357 2693 521 2742 partem
548 2689 700 2732 divisis
725 2691 828 2734 tubo
867 2691 1039 2733 corollae
1066 2692 1351 2744 longioribus.
1380 2692 1545 2735 corolla
1584 2692 1788 2735 caerules-

81 2751 201 2789 cente
236 2747 332 2790 laxe
360 2749 613 2801 lanuginosfi
648 2749 852 2792 tubulosa
887 2749 1154 2793 snbiucurva
1194 2751 1320 2793 labiis
1346 2751 1626 2794 denticulatis
1652 2763 1786 2806 supe-

79 2804 192 2847 riore
231 2810 380 2850 retuso
417 2807 637 2850 interioris
677 2808 786 2852 lobis
824 2808 1070 2851 rotundatis
1108 2810 1329 2855 concavis,
1368 2810 1602 2852 filamentis
1647 2822 1782 2862 supra

80 2863 269 2906 medium
304 2866 456 2907 tubum
493 2867 671 2909 insertis
699 2867 791 2910 basi
823 2879 949 2922 parce
984 2869 1149 2922 pilosis,
1187 2869 1387 2922 stigmate
1416 2868 1784 2911 albido-caerules-

80 2925 201 2966 cente
234 2929 292 2970 25.
336 2924 390 2966 Ic.
432 2924 566 2968 Rchb.
612 2924 715 2968 Crit.
763 2927 832 2979 fig.
872 2927 971 2971 925.
1014 2951 1063 2957 -
1101 2927 1238 2970 Rcbb.
1280 2927 1428 2970 Germ.
1470 2927 1540 2969 tab
1609 2925 1700 2969 188.
1731 2952 1787 2958 —

79 2979 122 3022 C.
150 2981 418 3035 ammoplzila
442 2981 487 3025 C.
519 2984 568 3026 A.
597 2983 647 3026 M.
674 2984 733 3026 Fl.
763 2986 848 3028 Alt.
873 2984 924 3035 Il,
958 2998 996 3040 p.
1033 2986 1131 3028 454.
1166 2986 1323 3028 Ledeb.
1358 2987 1416 3029 Ic.
1449 2986 1532 3028 tab.
1574 2987 1659 3029 389
1695 2998 1780 3029 non

81 3037 259 3084 differre
286 3041 479 3085 videtur.
