2100 3262
243 220 336 257 1052
927 216 1253 246 THYMELAEACEAE
1796 207 1945 255 Lyyta·

245 297 561 346 subsessilibus
603 294 796 337 inclusis.
838 292 987 346 Stylus
1022 290 1170 333 brevis
1209 288 1466 334 terminalis„
1509 289 1666 342 stigma
1703 290 1949 344 capitatum.

246 361 413 404 Nucula
436 357 578 409 calyce
606 353 868 408 persistente
893 351 1073 394 inclusa.
1099 349 1314 391 Albnmen
1336 348 1643 390 tenuissimum
1666 349 1952 402 embryonem

244 418 486 462 includens.
518 439 572 444 -—
599 411 756 454 Herbae
783 422 938 453 annuae
964 410 1028 452 vel
1053 407 1303 452 suffrutices
1333 406 1515 449 floribus
1540 406 1849 462 inconspicuis.

309 532 348 572 1.
387 528 441 570 L.
466 523 789 568 Passerina
819 520 883 577 (L.
909 519 979 573 Sp.
1017 520 1100 562 512
1129 517 1212 560 sub
1240 516 1441 572 Scelcerd)
1477 529 1619 559 annua
1643 518 1951 571 glabriuscula,

249 589 371 633 caule
397 587 540 628 crccto
568 584 765 635 elongato
799 579 982 633 simplici
1013 578 1077 620 vel
1114 577 1263 619 stricte
1298 588 1468 618 ramoso
1504 576 1726 629 ramisque
1763 578 1953 619 tenuiter

251 647 431 700 virgatis
449 643 601 685 crebre
624 640 802 683 foliosis.
820 639 933 681 foliis
952 635 1376 679 lineari-lanceolatis
1398 639 1441 676 et
1463 633 1700 676 linearibus
1724 636 1950 680 sessilibus

249 707 456 758 utrinque
496 699 741 747 attenuatis,
783 696 967 740 floribus
1010 693 1377 747 hermaphroditis
1415 692 1657 736 virentibus
1698 693 1951 738 axillaribus

250 764 478 809 sessilibus
515 761 582 802 vel
613 758 780 800 2-3-nis
816 755 956 809 spicas
994 755 1142 808 longas
1176 752 1401 795 filiformes
1437 752 1611 794 foliosas
1644 752 1946 806 formantibus,

250 823 435 867 bracteis
456 821 595 862 fructu
618 816 897 870 longiorihuS,
916 814 1127 868 perigonii
1145 813 1355 865 adpresse
1374 810 1654 865 pubescentis
1679 811 1789 854 lobis
1813 812 1952 855 ovatis

250 882 417 926 obtusis
445 878 601 921 erectis
639 876 739 918 tubo
775 873 905 927 duplo
939 871 1229 922 brevioribus,
1258 871 1398 912 fructu
1438 869 1661 924 pyriformi
1697 871 1816 924 apice
1851 873 1956 913 atte-

249 944 381 985 nuato
406 936 629 993 perigonio
654 935 723 977 vix
750 932 952 976 breviore
981 935 1046 981 O.
1086 930 1224 986 Lyyz'a
1248 929 1489 971 Passerlna
1511 928 1666 970 Fasan.
1697 929 1774 971 loc.
1801 929 1870 972 cit.
1900 953 1950 960 -

253 1002 306 1044 Ic.
347 998 478 1041 Rclib.
518 996 662 1039 Germ.
697 994 794 1036 550.
829 1015 885 1023 —
922 989 1164 1033 Passerina
1197 999 1351 1030 mzmca
1389 987 1591 1029 Wickstr.
1626 1012 1680 1018 -
1715 988 1955 1030 Pas-serina

251 1056 453 1101 aroensis
483 1055 596 1096 Lam.

300 1131 400 1167 Hab.
414 1131 453 1165 in
469 1128 584 1164 cultis
600 1129 637 1162 et
654 1125 822 1161 collibus
838 1124 1012 1170 regionis
1028 1121 1227 1158 inferioris
1238 1121 1308 1156 sed
1324 1120 1542 1167 praesertim
1557 1122 1755 1155 montanee
1770 1130 1793 1155 a
1805 1120 1959 1157 Graecia

252 1180 321 1216 uhi
338 1179 528 1214 montana.
546 1174 707 1219 (Heldrl
728 1172 872 1218 Orphl)
900 1172 938 1205 et
962 1169 1196 1205 Macedonia
1217 1168 1378 1213 (Frivt),
1412 1167 1462 1202 ad
1489 1167 1740 1203 Anatoliaml
1777 1168 1959 1213 regiones

255 1224 506 1263 Caucasicas!
543 1222 698 1267 Syriam
729 1220 778 1255 ad
807 1218 960 1264 Aleppo
991 1217 1126 1262 (Kyl),
1161 1214 1488 1261 Mesopotamiam
1520 1214 1611 1260 (Ky.
1638 1213 1960 1259 353tHaussk1)‚

255 1274 432 1311 Persiam
453 1271 535 1305 bor.
555 1268 726 1351 (Bthsel
748 1267 827 1312 Bge
838 1266 866 1310 1)
898 1266 936 1300 et
963 1263 1177 1299 australem
1198 1262 1247 1298 ad
1268 1262 1430 1298 Schiraz
1458 1261 1548 1307 (Ky.
1567 1261 1681 1308 4431),
1708 1261 1960 1307 Affghaniam

254 1320 420 1367 (Griffl).
450 1317 508 1353 Fl.
528 1316 634 1360 Mai„
653 1340 659 1348 .
679 1325 743 1350 un.

301 1387 361 1422 Ar.
383 1385 515 1428 Geoqr.
541 1382 701 1426 Europa
721 1379 852 1415 media
871 1380 909 1414 et
928 1376 1117 1413 australis
1145 1387 1169 1411 a
1191 1375 1322 1412 Gallia
1345 1378 1384 1411 et
1401 1375 1616 1411 Germania
1638 1374 1769 1411 media
1794 1374 1842 1410 ad
1858 1375 1958 1411 Ros-

254 1434 353 1469 siam
377 1431 559 1475 mediam,
582 1428 729 1464 Sibiria
750 1426 916 1471 Altaica,
936 1425 1070 1461 Africa
1089 1423 1270 1459 borealis.

318 1532 355 1572 ἒξ.
392 1529 447 1571 L.
483 1527 820 1583 pubescens
856 1522 1009 1579 (Guss.
1050 1520 1130 1564 Sic.
1167 1520 1361 1566 Prodr.I.
1395 1534 1434 1575 p.
1471 1520 1554 1562 466
1586 1519 1668 1561 sub
1701 1517 1960 1572 Passerz‘mi)

257 1602 417 1638 annua,
448 1589 705 1643 pubescens,
733 1584 855 1626 caule
891 1581 1040 1624 stricte
1070 1592 1238 1623 ramoso
1273 1581 1494 1634 ramisque
1526 1578 1736 1631 elongatis
1771 1578 1961 1621 tenuiter

258 1648 439 1702 virgatis
477 1645 629 1688 crebre
671 1643 857 1692 foliosis,
899 1641 1012 1684 foliis
1056 1639 1294 1682 linearibus
1335 1639 1400 1681 vel
1444 1638 1689 1681 lanceolatis
1728 1636 1960 1680 sessilibus

262 1709 466 1761 utrinque
495 1703 743 1753 attenuatiS,
772 1701 954 1743 floribus
974 1698 1226 1742 axillaribus
1255 1699 1322 1740 1-3
1347 1696 1712 1751 hermaphroditis
1733 1695 1961 1739 sessilibus

263 1766 505 1809 virentibus
530 1762 718 1805 tenuiter
746 1764 788 1802 et
815 1760 938 1813 longe
962 1757 1153 1814 spicatis,
1176 1757 1362 1799 bracteis
1391 1757 1533 1799 fructu
1562 1768 1644 1798 uon
1672 1755 1958 1808 longioribus,

260 1824 473 1880 perigouii
499 1822 705 1875 adpressc
729 1818 1009 1874 pubescentis
1034 1817 1143 1859 lobis
1167 1816 1306 1859 ovatis
1332 1816 1502 1859 obtusis
1523 1815 1677 1858 erectis
1706 1814 1805 1857 tubo
1830 1813 1962 1866 duplo

260 1883 551 1932 brevioribus,
571 1882 711 1922 fructu
734 1877 959 1932 pyriformi
976 1876 1094 1932 apice
1112 1878 1334 1918 attenuato
1352 1874 1573 1930 perigonio
1589 1874 1657 1915 vix
1677 1872 1877 1915 breviore
1895 1875 1959 1922 Θ.

261 1941 502 1986 Passerz'na
529 1938 730 1981 arnensis
757 1950 843 1980 var.
864 1935 1101 1989 pubescens
1125 1935 1228 1977 Teu.
1257 1934 1361 1988 Syll.
1388 1935 1498 1988 App.
1527 1934 1558 1985 Ι,
1584 1946 1623 1987 p.
1650 1934 1751 1975 365.

308 2017 409 2052 Hal).
428 2017 467 2051 in
488 2013 685 2060 argillosis
708 2015 745 2048 et
763 2011 889 2056 cultis,
913 2010 1030 2056 Syria
1054 2020 1173 2056 prope
1198 2009 1379 2045 Doumar
1406 2008 1584 2052 (Gauii),
1612 2008 1652 2042 in
1680 2009 1813 2042 monte
1839 2004 1964 2042 Gebel

260 2061 612 2156 ssfjifffifiegeergtiad
622 2060 848 2105 Palmyram
861 2058 926 2103 (ssl
938 2060 976 2103 1),
993 2057 1281 2103 Mesopotamia
1298 2058 1334 2092 et
1345 2054 1739 2102 Assyria(Oliley!
1758 2053 1965 2098 Hausskl).

308 2177 458 2213 Forsan
477 2175 650 2210 varietas
669 2173 819 2219 praeced
829 2172 930 2208 entis
947 2170 1017 2206 sed
1040 2181 1087 2205 ex
1105 2169 1299 2205 botanicis
1317 2169 1387 2216 qui
1403 2180 1489 2204 eam
1503 2168 1637 2204 vivam
1653 2167 1967 2203 observaverunt

260 2224 492 2261 indumento
512 2223 548 2257 et
569 2221 816 2257 florescentizt
833 2220 977 2255 seriore
995 2217 1192 2253 distincta.

309 2289 371 2324 Ar.
393 2287 526 2332 Geoqr.
555 2283 704 2330 Sicilia,
724 2283 919 2319 Sardinia.

323 2389 360 2430 3.
396 2388 451 2430 L.
480 2384 734 2429 Aucheri
758 2383 929 2440 (Meisn.
953 2384 995 2425 in
1017 2395 1096 2425 nc.
1123 2382 1274 2424 Prodr.
1294 2381 1408 2432 XIV,
1437 2394 1472 2435 p.
1497 2381 1580 2422 552
1599 2380 1681 2422 sub
1702 2376 1965 2433 Tlaymeloed)

262 2446 468 2502 perennis
493 2445 657 2498 glabra,
683 2442 878 2486 caulibus
902 2455 924 2486 e
953 2442 1186 2484 rliizomate
1211 2441 1551 2484 suffrutescente
1573 2438 1822 2481 numerosis
1849 2448 1966 2479 erec-

265 2508 317 2550 tis
346 2505 506 2559 saepius
532 2503 803 2556 simplicibus
830 2501 1009 2555 virgatis
1043 2501 1308 2554 longissimis
1341 2499 1494 2542 crebre
1530 2503 1572 2540 et
1604 2497 1753 2540 stricte
1780 2496 1963 2544 foliosis,

263 2566 374 2609 foliis
393 2562 844 2606 lineari-filiformibus
863 2561 1001 2603 acutis
1022 2560 1215 2613 margine
1233 2558 1546 2608 subrevolutis,
1560 2556 1785 2600 floralibus
1802 2556 1963 2597 sensim

262 2624 540 2673 abbreviatis,
560 2621 741 2664 floribus
766 2619 1022 2663 axillaribus
1051 2620 1122 2661 1-3
1142 2619 1350 2661 monoicis
1373 2616 1687 2660 subsessilibus
1706 2614 1965 2666 virentibus,

264 2683 449 2726 bracteis
486 2682 624 2724 ovatis
652 2680 839 2722 minimis
866 2679 957 2722 basi
984 2679 1171 2728 villosis,
1199 2676 1407 2731 perigonii
1445 2676 1655 2730 adpresse
1688 2673 1966 2729 pubescentis

265 2742 375 2786 lobis
399 2742 439 2783 in
472 2740 654 2783 floribus
679 2740 882 2782 masculis
913 2739 1015 2780 tubo
1042 2736 1161 2780 tenui
1186 2736 1353 2790 2-3-plo
1383 2735 1675 2782 brevioribus.
1699 2734 1741 2776 in
1771 2731 1966 2775 femineis

264 2801 416 2846 tubum
441 2799 743 2841 abbreviatum
769 2797 1062 2851 aequantibus,
1095 2797 1234 2838 fructu
1265 2795 1490 2849 pyriformi
1519 2793 1740 2849 perigonio
1775 2792 1843 2833 vix
1870 2791 1967 2832 bre-

263 2861 385 2904 viore
403 2866 437 2908 5.
465 2857 646 2901 Stellam
671 2855 879 2909 Hedfsotels
906 2857 1010 2899 Ehr.
1040 2856 1143 2898 Mss.
1173 2879 1229 2884 —
1254 2853 1394 2908 Lyyia
1418 2853 1581 2895 Amani
1605 2853 1687 2906 Ky.
1715 2851 1869 2894 Sched.

310 2935 412 2971 Hab.
433 2936 472 2970 in
498 2934 697 2969 montanis
723 2933 848 2976 siccis,
867 2932 1047 2968 Libanus
1075 2931 1196 2976 (Elin,
1218 2930 1343 2966 Auch.
1361 2929 1504 2975 25321),
1527 2938 1640 2963 mons
1665 2926 1815 2963 Torbol
1845 2935 1966 2971 supra

264 2983 420 3029 Tripoli
449 2982 623 3027 (Bois-sl),
659 2992 779 3028 supra
818 2980 1003 3016 Sidonem
1038 2978 1159 3024 (1313),
1196 2977 1316 3013 vallis
1351 2975 1592 3023 Barghoutie
1627 2974 1805 3019 (Gailu),
1843 2981 1962 3020 prope
