2100 3262
296 177 368 214 978
1018 185 1293 213 SALSOLACEAE.
1836 181 2005 222 Halotis.

345 258 548 295 Diametro
567 257 732 304 pedalis,
757 257 851 293 folia
868 258 1058 293 inferiora
1075 258 1434 305 sesquipollicaria.
1457 259 1616 307 Species
1637 261 1866 299 indumento
1883 264 2007 311 insig-

299 307 372 351 nis,
399 306 573 352 pilorum
598 305 824 351 longiorum
844 305 1003 341 articuli
1020 308 1202 342 constant
1227 306 1372 342 cellula
1395 307 1580 353 elongata
1600 309 1813 354 cylindrica
1835 312 1945 358 apice
1962 312 2006 349 in

300 353 528 389 coronulam
548 353 785 389 multifidam
803 352 986 398 abeunte,
1003 362 1112 388 more
1133 353 1275 389 ramuli
1293 353 1480 401 Eqm‘seti.

770 522 991 571 fluoris
1017 522 1116 585 (ssqe
1142 523 1271 572 Anah.
1303 538 1341 585 p.
1367 524 1455 586 73).

358 657 509 700 Flores
544 656 886 711 hermaphroditi
930 656 1229 699 bibracteolati
1270 656 1315 699 in
1359 657 1501 702 axillis
1544 657 1740 701 solitarii.
1787 657 2006 712 Perigonii

297 716 444 771 pllylla
469 716 601 769 quina
629 716 672 757 in
699 717 843 758 fructu
875 714 967 758 basi
996 716 1291 758 excrescentia
1319 716 1604 759 coalescentia
1634 718 2004 769 osseo-indurata,

299 774 516 817 exteriora
535 774 924 817 hinat1·inerviain
949 775 1091 818 fructu
1110 774 1248 817 medio
1273 775 1403 817 dorso
1425 775 1827 830 auriculam-gibba.
1850 775 2007 818 Stami-

300 834 428 877 nodia
452 835 583 876 nulla.
604 834 797 877 Stamina
821 833 1015 889 quinque
1039 833 1143 877 disci
1164 834 1344 887 margini
1365 834 1544 877 inserta.
1566 834 1775 878 Antherae
1793 835 2007 879 vesicoso-

299 893 650 947 appendiculalae.
674 892 783 948 Styli
811 893 919 935 rami
944 893 1101 935 breves
1125 892 1289 936 dilatati
1317 894 1461 935 laceri.
1498 893 1721 936 Radiculae
1743 906 1851 949 apex
1876 906 2006 950 supe-

298 965 377 995 rus
417 956 661 1006 porrectus.
693 977 748 983 —
782 951 926 995 Herba
965 965 1123 995 annua.
1160 977 1215 983 -
1250 950 1398 995 Genus
1439 956 1599 1006 praeter
1642 953 1786 1008 phylla
1824 956 2007 998 externa

299 1011 476 1056 demum
501 1012 631 1055 dorso
650 1011 1097 1066 gibboso-auriculam
1120 1011 1487 1054 Halimocnemia'e?
1507 1012 1780 1056 simillimum
1798 1016 1840 1056 et
1860 1014 2004 1056 forsan

298 1069 373 1125 (ex
392 1070 487 1125 ipso
510 1070 621 1127 Bge)
651 1071 805 1114 melius
831 1071 962 1126 huJus
991 1071 1138 1114 sectio.

358 1183 397 1227 l.
431 1185 494 1227 H.
530 1185 762 1229 occulta
791 1185 899 1239 (Bge
936 1185 1012 1228 loc.
1047 1185 1117 1228 cit.
1145 1199 1199 1239 p.
1228 1186 1301 1240 74)
1338 1199 1482 1228 annua
1518 1185 1632 1239 pube
1670 1185 1786 1228 molli
1819 1184 2006 1239 simplici

297 1245 443 1297 patula
473 1256 706 1288 canescens
734 1245 833 1299 pilis
870 1244 1140 1297 longioribus
1175 1245 1415 1288 articulatis
1452 1245 1601 1298 paucis
1638 1244 1834 1288 evanidis
1869 1245 2004 1288 inter-

296 1303 459 1354 mixtis,
490 1305 611 1347 caule
642 1304 793 1346 humili
829 1316 851 1345 a
891 1303 982 1346 basi
1018 1305 1059 1346 iu
1098 1316 1242 1348 ramos
1280 1304 1547 1347 dichotomos
1583 1305 1810 1358 angulatos
1844 1304 2002 1356 diviso,

295 1362 409 1404 foliis
434 1377 457 1406 a
475 1363 567 1405 basi
585 1363 996 1416 semiamplexicauli
1020 1364 1352 1417 tereti-trigonis
1381 1364 1420 1405 in
1446 1363 1669 1417 cuspidem
1696 1363 2001 1406 brevissimam

297 1421 522 1464 deciduam
560 1421 823 1464 abeuntibus
851 1423 1012 1476 patulis
1046 1424 1165 1477 apice
1198 1423 1493 1473 subrecurvis‚
1522 1423 1750 1465 floralibus
1773 1422 2005 1465 conformi·

296 1479 397 1532 bus,
438 1481 620 1524 floribus
655 1481 909 1524 axillaribus
943 1483 1167 1533 solitariis,
1201 1482 1430 1524 bracteolis
1466 1482 1707 1525 carnosulis
1748 1482 1831 1525 late
1864 1481 2004 1525 ovatis

297 1541 553 1584 acuminatis
584 1541 788 1583 carinatis
810 1542 1011 1583 valvatim
1035 1541 1370 1584 conniventibus
1397 1541 1550 1584 florem
1571 1545 1614 1583 et
1636 1541 1828 1584 fructum
1854 1542 2005 1584 foven-

296 1598 413 1642 tibus
438 1604 481 1643 et
510 1600 827 1643 occultantibus
855 1612 950 1643 cum
979 1613 1030 1643 eo
1056 1601 1265 1654 deciduis,
1292 1600 1432 1654 gibbis
1458 1601 1707 1654 pllyllorum
1734 1599 2003 1643 exteriorum

295 1659 509 1712 perigenii
557 1660 769 1702 fructiferi
812 1659 954 1703 medio
993 1661 1123 1703 dorso
1167 1661 1275 1713 silis,
1316 1661 1565 1715 phyllorum
1603 1663 1727 1714 parte
1775 1659 2004 1713 superiore

296 1718 622 1761 membranacea
646 1719 687 1761 in
717 1731 870 1761 conum
900 1720 1176 1770 connivente,
1195 1720 1387 1762 antberae
1409 1719 1648 1774 appendice
1671 1718 2004 1772 ovato-oblonga

296 1777 504 1832 utrinque
521 1779 745 1821 attenuata
764 1781 989 1834 purpurea
1013 1779 1165 1822 loculis
1185 1779 1467 1832 sublongiore
1486 1783 1551 1830 Θ.
1569 1777 1624 1822 Ic.
1640 1779 1730 1832 Bge
1749 1782 1778 1820 t.
1796 1777 1829 1824 Ι,
1846 1778 1914 1831 lig.
1937 1778 2003 1821 11.

340 1852 442 1888 Hah.
473 1855 513 1889 in
542 1854 712 1890 collibus
735 1853 850 1889 salsis
880 1864 992 1900 prov.
1021 1854 1247 1891 Chorassan
1277 1854 1423 1890 Persiae
1456 1855 1559 1891 inter
1591 1854 1683 1890 Tun
1710 1855 1748 1890 et
1777 1852 2006 1890 Birdchand

292 1906 414 1946 prope
435 1911 583 1947 pagum
607 1901 719 1937 Assel
737 1901 851 1937 Abad
872 1901 1000 1947 (Bge).
1027 1903 1115 1938 Non
1137 1902 1234 1939 vidi.

339 1963 480 1999 Planta
497 1964 547 1999 ad
564 1975 764 2000 summum
781 1965 1049 2011 semipedalis,
1080 1965 1177 2001 folia
1192 1965 1260 2002 8-6
1277 1966 1402 2001 lineas
1419 1965 1539 2012 longa
1558 1963 1706 2001 lineam
1725 1975 1868 2011 crassa,
1898 1964 2003 2010 peri-

294 2013 455 2056 gonium
475 2012 867 2059 sericeo-pubescens
885 2012 962 2048 sub
980 2012 1138 2049 antbesi
1156 2013 1221 2049 3-4
1239 2013 1307 2049 lin.
1326 2012 1506 2059 longum.

792 2164 1112 2214 PlPTOPTERA
1141 2165 1293 2228 (nunqe
1319 2165 1361 2213 in
1389 2165 1506 2226 lm).

352 2297 501 2339 Flores
552 2297 898 2353 hermaphroditi
933 2297 1230 2341 bibracteolati
1272 2299 1315 2341 in
1356 2297 1499 2340 axillis
1534 2297 1730 2342 solitarii.
1782 2295 2001 2351 Perigonii

292 2357 438 2412 phylla
463 2357 609 2410 quina,
637 2358 825 2400 anticum
856 2360 899 2399 et
927 2356 1139 2410 posticum
1172 2358 1397 2408 trinervia‚
1431 2357 1641 2401 interiora
1673 2357 1757 2400 tria
1794 2357 2001 2411 enervia;

293 2417 434 2458 omnia
461 2417 507 2458 in
533 2417 677 2458 fructu
711 2415 803 2458 basi
841 2416 1045 2459 indurata
1084 2420 1267 2460 connata
1298 2416 1593 2460 exterioribus
1621 2416 1832 2459 latissime
1868 2427 2000 2458 mem-

291 2475 717 2519 branaceo-connatis
749 2475 828 2517 alis
856 2475 1115 2518 articulatim
1151 2479 1193 2518 et
1229 2476 1532 2519 circumscisse
1561 2474 1771 2519 deciduis.
1810 2475 2000 2518 Fructus

290 2535 457 2576 alarum
486 2534 576 2577 basi
607 2535 847 2588 superstite
879 2546 1013 2588 supra
1041 2534 1230 2577 medIum
1260 2535 1574 2577 biauriculatus
1607 2534 1800 2588 apicibus
1831 2534 2000 2589 phyllo-

291 2607 388 2635 rum
413 2593 609 2637 connatis
635 2597 868 2636 coronatus
886 2607 909 2636 a
928 2594 1064 2636 latere
1082 2594 1448 2647 subcompressus
1474 2597 1760 2636 sexcostatus.
1785 2592 2000 2636 Stamino·

291 2652 356 2694 dia
380 2653 507 2694 nulla.
528 2653 736 2696 Antherae
756 2652 1463 2708 membranaceo-appendici]latae.
1489 2652 1600 2707 Styli
1621 2664 1777 2695 crures
1804 2651 1997 2695 snbulati

289 2712 587 2754 conniventes.
631 2712 851 2755 Radiculae
893 2724 1002 2766 apex
1043 2725 1248 2766 superus.
1286 2737 1342 2743 —
1376 2712 1628 2755 Fruticulus
1669 2711 2000 2755 ramosissimum

288 2772 404 2824 pube
429 2771 549 2814 brevi
579 2770 830 2825 bispidulus
850 2771 997 2814 habItu
1026 2770 1205 2814 Salsolae
1228 2783 1404 2814 crassae.

352 2885 386 2925 l.
421 2884 478 2927 P.
505 2884 882 2929 Turkestana
908 2883 1016 2941 (Ege
1038 2884 1082 2926 in
1108 2883 1209 2940 litt.)
1234 2884 1488 2928 fruticulosa
1513 2883 1661 2938 patule
1683 2886 1726 2926 et
1750 2882 1998 2925 alternatim

285 2944 581 2987 ramosissima
628 2944 824 2988 breviter
860 2944 1118 2999 pubescens,
1157 2943 1270 2987 foliis
1309 2943 1492 2987 alternis
1539 2942 1997 2986 lineari-filiformibus
