2100 3262
291 172 368 210 234
1024 178 1284 205 SOLANAGEAE.
1806 167 2011 208 Solanum.

293 343 420 386 Sncr.
451 342 480 383 Ι.
525 342 899 384 PACHYSTEMONUM
930 338 1043 380 Dun.
1079 364 1135 369 —
1172 338 1371 380 Inermia.
1409 338 1616 380 Anlberae
1645 337 1870 380 breviores
1897 351 2011 382 cras-

535 400 675 442 siores
694 399 811 452 poris
831 399 1073 441 introrsum
1092 396 1392 451 spectantibus
1406 409 1521 451 saepe
1538 398 1578 438 in
1600 397 1733 439 rimas
1747 398 2011 441 continuatis

541 459 830 501 dehiscentes.

366 602 399 641 l.
433 598 483 641 S.
511 598 757 652 nigrum
790 595 855 647 (L.
881 595 953 650 Sp.
986 595 1091 651 266)
1123 608 1318 638 annuum
1344 596 1410 637 vel
1448 608 1695 649 perennans
1720 594 1917 649 glabrum
1946 597 2012 638 vel

300 657 561 702 brevissime
588 656 852 711 pubescens,
896 668 1115 697 ramorum
1152 654 1322 707 angulis
1366 654 1624 707 prominulis
1659 667 1774 708 saepe
1804 657 2012 697 tubercu-

301 718 413 767 latia
455 717 566 758 foliis
602 714 741 757 ovatis
781 715 845 755 vel
876 714 1338 757 delloideo-rboinbeis
1364 713 1545 765 integris
1589 714 1655 756 vel
1693 714 1908 767 angulatis
1944 715 2015 757 vel

295 774 706 826 sinuato-dentatis,
772 773 994 828 corymbis
1060 773 1310 826 paucifloris
1370 772 1759 816 umbellisormibus
1819 773 2013 816 brevIter

300 835 605 890 peduncnlatis
638 833 1038 878 extraaxillaribus,
1076 832 1298 886 pedicellis
1327 832 1561 874 fructiferis
1598 832 1719 885 apice
1757 832 2011 875 incrassatis

299 895 491 939 reflexis.
511 893 667 946 calycis
687 892 853 934 laciniis
879 892 1154 934 brevissimis
1176 891 1433 935 rotundatis.
1452 892 1613 933 corolla
1630 890 1724 932 alba
1746 892 2010 945 pubescente

295 954 444 1007 calyce
468 952 600 1007 duplo
627 952 833 1005 longiore,
863 951 1003 993 baccis
1035 950 1170 1004 nigris
1199 955 1262 1000 Θ.
1297 950 1339 993 S.
1371 949 1555 991 Dittenii
1577 949 1741 992 Sellult.
1771 975 1821 981 —
1844 949 1885 992 S.
1909 962 2012 1003 par-

299 1011 508 1063 ‘e'e'slorum
548 1011 651 1053 Bad.
694 1035 749 1040 —
787 1010 826 1052 S.
856 1010 1084 1051 hirsutum
1110 1009 1270 1051 Dunal.
1316 1034 1365 1039 —
1411 1008 1453 1051 S.
1483 1008 1723 1051 Jurlaicum
1765 1010 1925 1052 Besser
1959 1033 2009 1040 —

296 1071 340 1114 S.
367 1071 640 1113 moechatum
666 1070 804 1118 Presl,
833 1082 932 1112 cum
954 1069 1199 1111 innumeris
1222 1069 1317 1110 aliis
1343 1068 1615 1123 synonymis.

350 1147 455 1183 Hah.
475 1147 515 1182 in
534 1146 697 1182 ditionis
716 1147 837 1181 totius
855 1144 1062 1181 ruderatis.

358 1230 402 1286 β.
431 1229 708 1271 diadem-ratum.
751 1252 809 1260 —
849 1228 973 1270 Rami
1014 1230 1307 1281 perennantes
1330 1226 1422 1268 basi
1452 1228 1645 1270 indurati
1671 1240 1787 1283 saepe
1809 1214 2010 1281 elongati.

301 1314 355 1322 —
400 1290 441 1332 S.
485 1289 666 1341 myrum
709 1302 797 1331 var.
834 1286 1174 1339 setffrntz'cosum
1209 1286 1341 1329 Moris
1380 1286 1437 1327 Fl.
1479 1286 1601 1329 Sard.
1637 1287 1712 1332 Ill.
1753 1301 1792 1343 p.
1831 1288 1923 1328 1148.
1954 1311 2011 1316 ——

297 1350 343 1393 S.
389 1347 729 1402 suffrutzcosum
780 1345 991 1390 Scbousb.
1047 1346 1089 1387 in
1138 1345 1284 1387 Willd
1329 1346 1484 1388 Enum.
1525 1345 1643 1388 Berl.
1692 1347 1728 1397 Ι
1777 1347 1902 1389 1236.
1956 1369 2013 1377 —

300 1409 344 1452 S.
367 1406 696 1460 Memphitwnm
720 1407 860 1449 Mart?
880 1405 1047 1448 Dnnall
1070 1404 1258 1447 Forma
1247 1417 1290 1446 ιιι
1311 1404 1557 1449 Lusitania!
1578 1405 1757 1461 Hispani
1764 1419 1787 1448 a
1810 1405 2012 1449 australi!

300 1479 436 1522 regno
463 1467 736 1509 Maroccano!
761 1476 936 1520 quoque
960 1476 1208 1508 occurrens

350 1542 453 1579 Hab.
474 1542 514 1577 in
533 1541 672 1576 Judaea
691 1540 739 1576 ad
759 1539 1012 1575 Tiberiadem
1031 1538 1163 1584 (Bmss
1173 1540 1210 1585 l)
1229 1539 1364 1576 Persia
1381 1539 1547 1575 australi
1565 1539 1707 1585 (Auch.
1727 1539 1855 1585 50302)

361 1644 399 1683 y.
423 1623 742 1675 chloroc·arp0n
779 1622 944 1675 Spenn
985 1646 1041 1651 —-
1079 1620 1226 1663 Baccae
1251 1621 1398 1664 viridi·
1405 1622 1669 1665 latescentes
1691 1620 1759 1663 vel
1793 1621 1935 1664 luteae.
1956 1644 2014 1652 —

301 1683 343 1728 S
375 1682 688 1726 ochroleucum
714 1683 830 1724 Bast.
857 1703 910 1710 --
937 1679 977 1723 S.
992 1679 1167 1733 flavum
1191 1681 1281 1723 Kit.

351 1758 452 1794 Hab.
472 1768 562 1793 cum
580 1759 689 1802 typo,
716 1755 841 1791 habeo
861 1755 1080 1802 specimina
1104 1765 1151 1791 ex
1170 1756 1299 1792 Attica.
1321 1758 1359 1792 et
1379 1755 1629 1803 Cephalonia
1656 1754 1842 1801 (Heldrl)‚
1871 1755 2015 1791 Trans-

301 1806 489 1842 eaucasia
508 1804 688 1849 (Ledeh.)

358 1909 389 1933 ε.
429 1887 607 1931 humile.
653 1913 706 1917 -
748 1886 872 1928 Rami
914 1886 1059 1929 minus
1099 1887 1302 1939 angulati.
1346 1886 1492 1929 Baccae
1527 1886 1863 1929 ceramo-flavae.
1908 1884 2013 1927 Cum

296 1949 575 2051 {ii‘ssgeggdente
614 1946 807 1990 confluit.
847 1971 905 1976 —
939 1945 982 1988 S.
1011 1944 1175 1988 ltztmile
1214 1945 1373 1989 Bernll.
1416 1946 1460 1988 In
1502 1946 1647 1989 Willd.
1690 1946 1824 1988 Enim.
1866 1945 2012 1987 Berol.

347 2082 449 2119 Hab.
468 2092 557 2118 cum
579 2082 686 2127 typo,
719 2079 875 2115 Graecia
901 2078 1081 2126 (Heldrl)
1110 2080 1224 2116 Creta
1249 2079 1415 2126 (Bauli),
1448 2080 1582 2116 Persia
1605 2079 1785 2124 (Haussk
1801 2080 1840 2125 3),
1870 2079 2015 2114 Trans·

297 2130 480 2167 caucasia
498 2128 557 2174 (C.
578 2127 703 2172 Koch)
723 2130 759 2163 et
776 2126 890 2162 alibi.

348 2195 505 2279 tSpiecies
529 2193 650 2277 &alde
680 2192 947 2240 polymorpha
974 2195 1012 2228 et
1038 2203 1062 2228 a
1089 2196 1169 2239 qua
1193 2193 1300 2229 binae
1324 2194 1531 2240 sequentes
1560 2192 1693 2228 forsan
1724 2193 1901 2239 specifice
1934 2202 2013 2228 non

297 2254 345 2280 sa
409 2253 441 2278 is
461 2253 525 2277 inc
546 2252 591 2277 ae.

339 2308 408 2343 Ar.
439 2307 571 2351 Geoqr.
600 2304 697 2340 Fere
716 2304 863 2350 ubique
882 2303 1112 2339 borealibus
1134 2305 1171 2339 et
1190 2304 1411 2339 antarcticis
1433 2304 1618 2351 exceptis.

358 2446 397 2486 ⁶2.
442 2443 495 2487 S.
530 2443 855 2485 miniatum
888 2441 1040 2497 (Berh.
1066 2452 1119 2483 ex
1142 2440 1293 2484 Willd.
1325 2440 1464 2482 Emm
1495 2439 1592 2481 Ber.
1623 2440 1653 2489 Ι,
1691 2438 1796 2495 236)
1819 2451 2014 2481 annuum

297 2503 544 2558 pubescens
576 2504 639 2545 vel
675 2502 893 2552 villosum,
936 2513 1159 2543 ramorum
1202 2498 1374 2552 annulis
1414 2499 1673 2552 prominulis
1708 2498 2013 2549 tuberculatis‚

296 2563 408 2606 toliis
432 2566 577 2604 ovato-
583 2561 787 2604 deltoide
777 2573 815 2602 is
841 2560 1035 2603 sinuato·
1040 2560 1243 2607 dentatis
1277 2558 1496 2613 corymbis
1530 2558 1781 2625 paucii‘loris
1825 2557 2016 2599 breviter

297 2621 604 2677 pedunculnis
636 2619 1037 2663 extraaxillaribus.
1083 2618 1305 2672 pedicellis
1341 2618 1577 2660 t'ructiferiS
1615 2618 1736 2672 apice
1762 2617 2014 2659 incrassatis

297 2681 495 2730 deflexis,
560 2681 721 2722 corolla
766 2680 863 2721 alba
909 2679 1170 2732 pubescente
1223 2678 1369 2731 calyce
1420 2677 1552 2731 duplo
1600 2677 1809 2730 longiore,
1877 2676 2013 2718 baccis

298 2740 489 2782 miniatis
522 2744 588 2791 Q).
633 2745 676 2793 ἕο
702 2751 726 2781 v
748 2737 909 2780 llosum
933 2738 1034 2779 Mill.
1060 2750 1145 2780 non
1170 2737 1286 2779 Lam.
1314 2761 1366 2768 -
1393 2736 1435 2780 S.
1457 2735 1696 2791 puniceum
1719 2735 1857 2778 Gmel.

344 2822 436 2858 Hah
456 2823 492 2857 in
513 2822 721 2868 ruderatis,
743 2821 894 2857 Graecia
912 2820 1057 2866 (Heldr
1075 2822 1101 2865 l)
1123 2820 1351 2867 Zacynthus
1369 2818 1865 2866 (Ma1·gl)‚Syria(Gaill!),
1884 2818 2016 2854 Persia

290 2869 511 2915 (Hausskl)
530 2874 566 2906 et
585 2870 698 2906 alib..

345 2937 406 2970 Ar.
437 2935 569 2980 Geoqr.
599 2934 759 2981 Euiopa
778 2932 909 2969 media
928 2934 966 2969 et
983 2933 1184 2978 australis,
1205 2932 1346 2969 Nubia.
